day;timestamp;product;bid_price_1;bid_volume_1;bid_price_2;bid_volume_2;bid_price_3;bid_volume_3;ask_price_1;ask_volume_1;ask_price_2;ask_volume_2;ask_price_3;ask_volume_3;mid_price;profit_and_loss
99;0;ASH_COATED_OSMIUM;9988;20;9987;12;;;10009;5;10010;16;;;9998.5;0.0
99;0;INTARIAN_PEPPER_ROOT;11995;13;;;;;12009;17;;;;;12002.0;0.0
99;100;ASH_COATED_OSMIUM;9987;11;;;;;10005;3;;;;;9996.0;0.0
99;100;INTARIAN_PEPPER_ROOT;11993;10;;;;;;;;;;;11993;0.0
99;200;ASH_COATED_OSMIUM;9985;6;9983;29;;;10001;5;10003;18;;;9993.0;0.0
99;200;INTARIAN_PEPPER_ROOT;11991;16;;;;;12007;15;;;;;11999.0;0.0
99;300;ASH_COATED_OSMIUM;9983;14;;;;;10004;9;;;;;9993.5;0.0
99;300;INTARIAN_PEPPER_ROOT;;;;;;;12008;8;12011;16;;;12008;0.0
99;400;ASH_COATED_OSMIUM;9982;6;9979;15;;;9998;15;10000;21;;;9990.0;0.0
99;400;INTARIAN_PEPPER_ROOT;11993;16;11990;15;;;12007;19;12008;18;;;12000.0;0.0
99;500;ASH_COATED_OSMIUM;9978;10;9976;27;;;9997;8;10000;17;;;9987.5;0.0
99;500;INTARIAN_PEPPER_ROOT;11993;9;11990;20;;;12006;10;12007;25;;;11999.5;0.0
99;600;ASH_COATED_OSMIUM;9976;13;9975;20;;;9992;15;9995;16;;;9984.0;0.0
99;600;INTARIAN_PEPPER_ROOT;11994;20;;;;;12007;15;;;;;12000.5;0.0
99;700;ASH_COATED_OSMIUM;9969;20;;;;;9988;11;;;;;9978.5;0.0
99;700;INTARIAN_PEPPER_ROOT;11995;14;;;;;12009;19;;;;;12002.0;0.0
99;800;ASH_COATED_OSMIUM;9975;19;9974;14;;;9991;18;9992;30;;;9983.0;0.0
99;800;INTARIAN_PEPPER_ROOT;11995;10;11993;18;;;12008;13;12010;14;;;12001.5;0.0
99;900;ASH_COATED_OSMIUM;9974;20;;;;;9990;3;;;;;9982.0;0.0
99;900;INTARIAN_PEPPER_ROOT;11994;17;;;;;12010;13;;;;;12002.0;0.0
99;1000;ASH_COATED_OSMIUM;9971;6;9969;18;;;9987;12;9988;26;;;9979.0;0.0
99;1000;INTARIAN_PEPPER_ROOT;11993;7;11992;24;;;12007;14;12010;18;;;12000.0;0.0
99;1100;ASH_COATED_OSMIUM;9970;7;;;;;9986;14;;;;;9978.0;0.0
99;1100;INTARIAN_PEPPER_ROOT;11994;13;11992;14;;;12008;6;12011;24;;;12001.0;0.0
99;1200;ASH_COATED_OSMIUM;9970;18;9968;17;;;;;;;;;9970;0.0
99;1200;INTARIAN_PEPPER_ROOT;11994;14;11992;17;;;12007;16;12008;23;;;12000.5;0.0
99;1300;ASH_COATED_OSMIUM;9968;7;;;;;9987;7;;;;;9977.5;0.0
99;1300;INTARIAN_PEPPER_ROOT;;;;;;;12008;12;12010;18;;;12008;0.0
99;1400;ASH_COATED_OSMIUM;9969;20;;;;;9985;9;;;;;9977.0;0.0
99;1400;INTARIAN_PEPPER_ROOT;11993;13;;;;;12009;8;;;;;12001.0;0.0
99;1500;ASH_COATED_OSMIUM;9968;13;9967;17;;;9984;3;9987;10;;;9976.0;0.0
99;1500;INTARIAN_PEPPER_ROOT;11994;15;11991;13;;;12007;6;12010;23;;;12000.5;0.0
99;1600;ASH_COATED_OSMIUM;9966;5;9963;16;;;9982;19;9984;27;;;9974.0;0.0
99;1600;INTARIAN_PEPPER_ROOT;11995;14;11994;24;;;12009;9;12011;21;;;12002.0;0.0
99;1700;ASH_COATED_OSMIUM;9970;6;;;;;9986;6;;;;;9978.0;0.0
99;1700;INTARIAN_PEPPER_ROOT;11994;16;11992;22;;;12010;9;12011;18;;;12002.0;0.0
99;1800;ASH_COATED_OSMIUM;9967;6;9965;17;;;9988;4;9989;16;;;9977.5;0.0
99;1800;INTARIAN_PEPPER_ROOT;11991;10;11988;20;;;12007;7;12008;25;;;11999.0;0.0
99;1900;ASH_COATED_OSMIUM;9966;20;9963;12;;;9984;6;9985;17;;;9975.0;0.0
99;1900;INTARIAN_PEPPER_ROOT;11995;11;;;;;;;;;;;11995;0.0
99;2000;ASH_COATED_OSMIUM;9968;8;9966;24;;;9984;15;9986;19;;;9976.0;0.0
99;2000;INTARIAN_PEPPER_ROOT;11997;8;11994;17;;;;;;;;;11997;0.0
99;2100;ASH_COATED_OSMIUM;9978;9;9975;20;;;9994;4;9995;11;;;9986.0;0.0
99;2100;INTARIAN_PEPPER_ROOT;11996;15;;;;;12013;17;;;;;12004.5;0.0
99;2200;ASH_COATED_OSMIUM;9976;19;;;;;9992;5;;;;;9984.0;0.0
99;2200;INTARIAN_PEPPER_ROOT;11998;6;11996;24;;;12012;13;12014;13;;;12005.0;0.0
99;2300;ASH_COATED_OSMIUM;9980;4;9977;26;;;9999;5;10002;20;;;9989.5;0.0
99;2300;INTARIAN_PEPPER_ROOT;11999;12;11997;24;;;12013;5;12016;14;;;12006.0;0.0
99;2400;ASH_COATED_OSMIUM;9983;7;9982;24;;;10001;12;10002;29;;;9992.0;0.0
99;2400;INTARIAN_PEPPER_ROOT;11999;17;11998;20;;;12013;5;12014;19;;;12006.0;0.0
99;2500;ASH_COATED_OSMIUM;9986;10;9984;19;;;10002;14;10005;29;;;9994.0;0.0
99;2500;INTARIAN_PEPPER_ROOT;12002;18;;;;;12015;19;;;;;12008.5;0.0
99;2600;ASH_COATED_OSMIUM;9984;12;;;;;10003;6;;;;;9993.5;0.0
99;2600;INTARIAN_PEPPER_ROOT;12001;6;;;;;12017;6;;;;;12009.0;0.0
99;2700;ASH_COATED_OSMIUM;9984;13;;;;;10005;9;;;;;9994.5;0.0
99;2700;INTARIAN_PEPPER_ROOT;12001;15;12000;19;;;12015;14;12016;15;;;12008.0;0.0
99;2800;ASH_COATED_OSMIUM;9988;5;;;;;10004;16;;;;;9996.0;0.0
99;2800;INTARIAN_PEPPER_ROOT;11998;19;;;;;12012;11;;;;;12005.0;0.0
99;2900;ASH_COATED_OSMIUM;9985;16;9984;14;;;10006;20;10009;27;;;9995.5;0.0
99;2900;INTARIAN_PEPPER_ROOT;11999;14;11997;23;;;12012;5;12014;13;;;12005.5;0.0
99;3000;ASH_COATED_OSMIUM;9989;14;;;;;10005;9;;;;;9997.0;0.0
99;3000;INTARIAN_PEPPER_ROOT;12000;5;11997;14;;;12013;16;12016;25;;;12006.5;0.0
99;3100;ASH_COATED_OSMIUM;9986;8;;;;;10002;8;;;;;9994.0;0.0
99;3100;INTARIAN_PEPPER_ROOT;11999;20;11996;12;;;12013;15;12015;25;;;12006.0;0.0
99;3200;ASH_COATED_OSMIUM;9987;10;9984;22;;;10008;11;10009;11;;;9997.5;0.0
99;3200;INTARIAN_PEPPER_ROOT;11999;11;;;;;12013;11;;;;;12006.0;0.0
99;3300;ASH_COATED_OSMIUM;9991;10;;;;;10007;3;;;;;9999.0;0.0
99;3300;INTARIAN_PEPPER_ROOT;11999;10;11997;22;;;12015;10;12016;18;;;12007.0;0.0
99;3400;ASH_COATED_OSMIUM;9996;19;;;;;10012;15;;;;;10004.0;0.0
99;3400;INTARIAN_PEPPER_ROOT;12001;19;12000;22;;;12017;6;12018;25;;;12009.0;0.0
99;3500;ASH_COATED_OSMIUM;9996;4;9994;20;;;10012;6;10015;23;;;10004.0;0.0
99;3500;INTARIAN_PEPPER_ROOT;11998;10;;;;;;;;;;;11998;0.0
99;3600;ASH_COATED_OSMIUM;9996;4;9993;16;;;10012;16;10015;21;;;10004.0;0.0
99;3600;INTARIAN_PEPPER_ROOT;11997;19;;;;;12010;13;;;;;12003.5;0.0
99;3700;ASH_COATED_OSMIUM;10003;19;;;;;10019;12;;;;;10011.0;0.0
99;3700;INTARIAN_PEPPER_ROOT;11997;8;11996;14;;;12010;8;12011;11;;;12003.5;0.0
99;3800;ASH_COATED_OSMIUM;9998;15;9996;27;;;10019;8;10021;10;;;10008.5;0.0
99;3800;INTARIAN_PEPPER_ROOT;11996;8;;;;;12012;5;;;;;12004.0;0.0
99;3900;ASH_COATED_OSMIUM;9999;9;9996;12;;;10020;19;10021;19;;;10009.5;0.0
99;3900;INTARIAN_PEPPER_ROOT;11996;8;11995;20;;;12009;18;12012;24;;;12002.5;0.0
99;4000;ASH_COATED_OSMIUM;10006;12;;;;;10022;10;;;;;10014.0;0.0
99;4000;INTARIAN_PEPPER_ROOT;11997;15;;;;;12011;7;;;;;12004.0;0.0
99;4100;ASH_COATED_OSMIUM;10012;9;10011;30;;;10033;15;10034;10;;;10022.5;0.0
99;4100;INTARIAN_PEPPER_ROOT;12001;6;;;;;12015;5;;;;;12008.0;0.0
99;4200;ASH_COATED_OSMIUM;10016;8;10013;13;;;10032;19;10033;24;;;10024.0;0.0
99;4200;INTARIAN_PEPPER_ROOT;12002;17;;;;;12015;14;;;;;12008.5;0.0
99;4300;ASH_COATED_OSMIUM;10011;19;;;;;10029;16;;;;;10020.0;0.0
99;4300;INTARIAN_PEPPER_ROOT;12001;5;11998;19;;;12014;11;12016;19;;;12007.5;0.0
99;4400;ASH_COATED_OSMIUM;10013;10;;;;;10029;11;;;;;10021.0;0.0
99;4400;INTARIAN_PEPPER_ROOT;12001;7;;;;;12014;20;;;;;12007.5;0.0
99;4500;ASH_COATED_OSMIUM;10015;20;10014;14;;;10022;5;10024;16;;;10018.5;0.0
99;4500;INTARIAN_PEPPER_ROOT;12000;12;11997;25;;;12013;19;12016;21;;;12006.5;0.0
99;4600;ASH_COATED_OSMIUM;10008;16;;;;;10024;15;;;;;10016.0;0.0
99;4600;INTARIAN_PEPPER_ROOT;11999;11;;;;;12013;9;;;;;12006.0;0.0
99;4700;ASH_COATED_OSMIUM;10006;12;;;;;;;;;;;10006;0.0
99;4700;INTARIAN_PEPPER_ROOT;11999;18;11996;20;;;12013;17;12016;20;;;12006.0;0.0
99;4800;ASH_COATED_OSMIUM;9999;10;9997;10;;;10018;18;10020;22;;;10008.5;0.0
99;4800;INTARIAN_PEPPER_ROOT;11996;9;;;;;12010;18;;;;;12003.0;0.0
99;4900;ASH_COATED_OSMIUM;9997;20;;;;;10016;3;;;;;10006.5;0.0
99;4900;INTARIAN_PEPPER_ROOT;11995;15;11992;20;;;;;;;;;11995;0.0
99;5000;ASH_COATED_OSMIUM;9995;8;9993;24;;;10013;4;10014;20;;;10004.0;0.0
99;5000;INTARIAN_PEPPER_ROOT;11991;15;11988;21;;;;;;;;;11991;0.0
99;5100;ASH_COATED_OSMIUM;9997;3;9995;30;;;10015;20;10016;12;;;10006.0;0.0
99;5100;INTARIAN_PEPPER_ROOT;11996;16;11994;12;;;12009;14;12012;13;;;12002.5;0.0
99;5200;ASH_COATED_OSMIUM;9996;3;9994;13;;;10012;7;10015;28;;;10004.0;0.0
99;5200;INTARIAN_PEPPER_ROOT;11996;8;;;;;12009;18;;;;;12002.5;0.0
99;5300;ASH_COATED_OSMIUM;9991;6;;;;;10012;8;;;;;10001.5;0.0
99;5300;INTARIAN_PEPPER_ROOT;11993;12;;;;;12007;5;;;;;12000.0;0.0
99;5400;ASH_COATED_OSMIUM;9998;15;9995;17;;;10006;9;10009;13;;;10002.0;0.0
99;5400;INTARIAN_PEPPER_ROOT;11991;12;;;;;12008;11;;;;;11999.5;0.0
99;5500;ASH_COATED_OSMIUM;9992;14;9990;26;;;10008;20;10009;30;;;10000.0;0.0
99;5500;INTARIAN_PEPPER_ROOT;11991;16;11989;19;;;12005;9;12006;17;;;11998.0;0.0
99;5600;ASH_COATED_OSMIUM;9997;17;9994;30;;;10013;7;10016;18;;;10005.0;0.0
99;5600;INTARIAN_PEPPER_ROOT;;;;;;;12005;11;12006;17;;;12005;0.0
99;5700;ASH_COATED_OSMIUM;10001;10;9999;24;;;10017;5;10018;28;;;10009.0;0.0
99;5700;INTARIAN_PEPPER_ROOT;11990;14;11989;25;;;12007;12;12009;18;;;11998.5;0.0
99;5800;ASH_COATED_OSMIUM;;;;;;;10014;9;10016;29;;;10014;0.0
99;5800;INTARIAN_PEPPER_ROOT;11991;13;11988;24;;;;;;;;;11991;0.0
99;5900;ASH_COATED_OSMIUM;9997;20;;;;;10015;10;;;;;10006.0;0.0
99;5900;INTARIAN_PEPPER_ROOT;11991;19;;;;;12008;7;;;;;11999.5;0.0
99;6000;ASH_COATED_OSMIUM;9999;15;9996;25;;;10015;10;10017;27;;;10007.0;0.0
99;6000;INTARIAN_PEPPER_ROOT;11992;11;;;;;12006;13;;;;;11999.0;0.0
99;6100;ASH_COATED_OSMIUM;9994;10;;;;;10010;6;;;;;10002.0;0.0
99;6100;INTARIAN_PEPPER_ROOT;11993;19;11990;10;;;12007;10;12008;22;;;12000.0;0.0
99;6200;ASH_COATED_OSMIUM;9996;9;9993;29;;;10012;18;10015;19;;;10004.0;0.0
99;6200;INTARIAN_PEPPER_ROOT;11991;9;11988;17;;;12004;12;12005;25;;;11997.5;0.0
99;6300;ASH_COATED_OSMIUM;9997;11;;;;;10013;4;;;;;10005.0;0.0
99;6300;INTARIAN_PEPPER_ROOT;11989;19;;;;;12006;7;;;;;11997.5;0.0
99;6400;ASH_COATED_OSMIUM;9994;6;9992;24;;;10012;3;10014;20;;;10003.0;0.0
99;6400;INTARIAN_PEPPER_ROOT;11994;6;;;;;12007;17;;;;;12000.5;0.0
99;6500;ASH_COATED_OSMIUM;10002;4;9999;12;;;10018;7;10020;17;;;10010.0;0.0
99;6500;INTARIAN_PEPPER_ROOT;11995;10;11992;20;;;12008;9;12011;13;;;12001.5;0.0
99;6600;ASH_COATED_OSMIUM;10004;19;10002;28;;;10020;15;10022;23;;;10012.0;0.0
99;6600;INTARIAN_PEPPER_ROOT;11996;7;11994;12;;;12009;15;12011;20;;;12002.5;0.0
99;6700;ASH_COATED_OSMIUM;10001;11;10000;12;;;10017;5;10020;15;;;10009.0;0.0
99;6700;INTARIAN_PEPPER_ROOT;11996;11;;;;;12010;16;;;;;12003.0;0.0
99;6800;ASH_COATED_OSMIUM;9995;17;;;;;10016;5;;;;;10005.5;0.0
99;6800;INTARIAN_PEPPER_ROOT;11998;16;11997;13;;;12012;5;12015;14;;;12005.0;0.0
99;6900;ASH_COATED_OSMIUM;9997;10;;;;;10016;7;;;;;10006.5;0.0
99;6900;INTARIAN_PEPPER_ROOT;11996;13;;;;;12013;9;;;;;12004.5;0.0
99;7000;ASH_COATED_OSMIUM;9997;12;9994;22;;;10007;17;10009;18;;;10002.0;0.0
99;7000;INTARIAN_PEPPER_ROOT;11997;17;11996;17;;;12010;11;12011;20;;;12003.5;0.0
99;7100;ASH_COATED_OSMIUM;9998;3;9995;28;;;10005;5;10008;10;;;10001.5;0.0
99;7100;INTARIAN_PEPPER_ROOT;11997;10;11996;13;;;12010;13;12013;14;;;12003.5;0.0
99;7200;ASH_COATED_OSMIUM;9993;18;;;;;10009;19;;;;;10001.0;0.0
99;7200;INTARIAN_PEPPER_ROOT;11995;9;11994;18;;;12011;5;12012;10;;;12003.0;0.0
99;7300;ASH_COATED_OSMIUM;9995;16;9994;20;;;10011;13;10012;23;;;10003.0;0.0
99;7300;INTARIAN_PEPPER_ROOT;11995;9;;;;;12012;11;;;;;12003.5;0.0
99;7400;ASH_COATED_OSMIUM;9997;4;9995;13;;;10016;17;10018;22;;;10006.5;0.0
99;7400;INTARIAN_PEPPER_ROOT;11998;7;11997;11;;;12011;19;12012;19;;;12004.5;0.0
99;7500;ASH_COATED_OSMIUM;9997;14;9996;18;;;10016;18;10017;27;;;10006.5;0.0
99;7500;INTARIAN_PEPPER_ROOT;11998;20;11997;20;;;12014;14;12016;17;;;12006.0;0.0
99;7600;ASH_COATED_OSMIUM;9998;10;9997;23;;;10014;8;10017;12;;;10006.0;0.0
99;7600;INTARIAN_PEPPER_ROOT;11998;8;11995;14;;;;;;;;;11998;0.0
99;7700;ASH_COATED_OSMIUM;9996;12;;;;;10017;19;;;;;10006.5;0.0
99;7700;INTARIAN_PEPPER_ROOT;12002;15;;;;;12015;14;;;;;12008.5;0.0
99;7800;ASH_COATED_OSMIUM;9997;15;;;;;10013;9;;;;;10005.0;0.0
99;7800;INTARIAN_PEPPER_ROOT;12001;18;12000;12;;;;;;;;;12001;0.0
99;7900;ASH_COATED_OSMIUM;10000;11;9998;28;;;10019;3;10022;25;;;10009.5;0.0
99;7900;INTARIAN_PEPPER_ROOT;12003;10;;;;;12016;15;;;;;12009.5;0.0
99;8000;ASH_COATED_OSMIUM;9996;15;;;;;10015;17;;;;;10005.5;0.0
99;8000;INTARIAN_PEPPER_ROOT;12003;13;12001;17;;;12016;14;12019;13;;;12009.5;0.0
99;8100;ASH_COATED_OSMIUM;9999;18;9996;14;;;10015;15;10018;25;;;10007.0;0.0
99;8100;INTARIAN_PEPPER_ROOT;12006;20;;;;;12022;8;;;;;12014.0;0.0
99;8200;ASH_COATED_OSMIUM;9999;17;9997;14;;;10015;6;10016;23;;;10007.0;0.0
99;8200;INTARIAN_PEPPER_ROOT;12006;15;12005;22;;;12019;14;12022;15;;;12012.5;0.0
99;8300;ASH_COATED_OSMIUM;9999;5;;;;;10017;13;;;;;10008.0;0.0
99;8300;INTARIAN_PEPPER_ROOT;12005;16;12003;11;;;12018;5;12020;17;;;12011.5;0.0
99;8400;ASH_COATED_OSMIUM;9999;20;9998;19;;;10017;4;10020;17;;;10008.0;0.0
99;8400;INTARIAN_PEPPER_ROOT;12005;14;12003;14;;;12021;5;12022;20;;;12013.0;0.0
99;8500;ASH_COATED_OSMIUM;9996;12;9995;21;;;10017;3;10019;21;;;10006.5;0.0
99;8500;INTARIAN_PEPPER_ROOT;12005;5;12004;16;;;12019;14;12022;19;;;12012.0;0.0
99;8600;ASH_COATED_OSMIUM;9999;8;9997;17;;;10015;8;10018;25;;;10007.0;0.0
99;8600;INTARIAN_PEPPER_ROOT;12005;17;;;;;12019;20;;;;;12012.0;0.0
99;8700;ASH_COATED_OSMIUM;9999;12;9997;28;;;;;;;;;9999;0.0
99;8700;INTARIAN_PEPPER_ROOT;;;;;;;12018;19;;;;;12018;0.0
99;8800;ASH_COATED_OSMIUM;10003;15;10001;21;;;10019;18;10022;28;;;10011.0;0.0
99;8800;INTARIAN_PEPPER_ROOT;12003;9;;;;;12019;15;;;;;12011.0;0.0
99;8900;ASH_COATED_OSMIUM;10000;4;;;;;;;;;;;10000;0.0
99;8900;INTARIAN_PEPPER_ROOT;12004;15;;;;;;;;;;;12004;0.0
99;9000;ASH_COATED_OSMIUM;10002;9;;;;;10018;11;;;;;10010.0;0.0
99;9000;INTARIAN_PEPPER_ROOT;12005;5;12004;24;;;12021;8;12022;22;;;12013.0;0.0
99;9100;ASH_COATED_OSMIUM;9998;17;9995;12;;;10014;4;10015;19;;;10006.0;0.0
99;9100;INTARIAN_PEPPER_ROOT;12005;6;;;;;12018;8;;;;;12011.5;0.0
99;9200;ASH_COATED_OSMIUM;9993;19;;;;;10009;19;;;;;10001.0;0.0
99;9200;INTARIAN_PEPPER_ROOT;12006;18;12004;15;;;;;;;;;12006;0.0
99;9300;ASH_COATED_OSMIUM;9993;6;;;;;10009;17;;;;;10001.0;0.0
99;9300;INTARIAN_PEPPER_ROOT;12002;13;;;;;12019;11;;;;;12010.5;0.0
99;9400;ASH_COATED_OSMIUM;9998;20;9996;18;;;10016;14;10017;27;;;10007.0;0.0
99;9400;INTARIAN_PEPPER_ROOT;12001;20;;;;;12018;6;;;;;12009.5;0.0
99;9500;ASH_COATED_OSMIUM;9995;6;9992;20;;;10011;10;10014;29;;;10003.0;0.0
99;9500;INTARIAN_PEPPER_ROOT;12003;14;12001;23;;;12017;17;12018;23;;;12010.0;0.0
99;9600;ASH_COATED_OSMIUM;10003;16;10002;25;;;10010;6;10012;13;;;10006.5;0.0
99;9600;INTARIAN_PEPPER_ROOT;12002;12;;;;;12019;18;;;;;12010.5;0.0
99;9700;ASH_COATED_OSMIUM;9998;16;;;;;10017;7;;;;;10007.5;0.0
99;9700;INTARIAN_PEPPER_ROOT;;;;;;;12016;8;;;;;12016;0.0
99;9800;ASH_COATED_OSMIUM;9999;4;9997;21;;;10015;14;10016;13;;;10007.0;0.0
99;9800;INTARIAN_PEPPER_ROOT;12002;7;11999;12;;;12018;10;12020;24;;;12010.0;0.0
99;9900;ASH_COATED_OSMIUM;9994;17;;;;;10010;5;;;;;10002.0;0.0
99;9900;INTARIAN_PEPPER_ROOT;12002;9;12000;13;;;12015;12;12017;12;;;12008.5;0.0
99;10000;ASH_COATED_OSMIUM;;;;;;;10015;9;10016;16;;;10015;0.0
99;10000;INTARIAN_PEPPER_ROOT;12001;14;11999;11;;;12017;17;12018;18;;;12009.0;0.0
99;10100;ASH_COATED_OSMIUM;9999;7;9998;10;;;10015;20;10016;14;;;10007.0;0.0
99;10100;INTARIAN_PEPPER_ROOT;12001;5;;;;;12017;7;;;;;12009.0;0.0
99;10200;ASH_COATED_OSMIUM;;;;;;;10020;19;10022;21;;;10020;0.0
99;10200;INTARIAN_PEPPER_ROOT;11999;10;11998;16;;;12016;8;12017;17;;;12007.5;0.0
99;10300;ASH_COATED_OSMIUM;10004;19;10003;25;;;10025;12;10026;22;;;10014.5;0.0
99;10300;INTARIAN_PEPPER_ROOT;12003;17;12000;25;;;12017;6;12018;21;;;12010.0;0.0
99;10400;ASH_COATED_OSMIUM;10009;13;10007;30;;;10025;7;10028;28;;;10017.0;0.0
99;10400;INTARIAN_PEPPER_ROOT;12003;6;;;;;12020;14;;;;;12011.5;0.0
99;10500;ASH_COATED_OSMIUM;10004;6;;;;;10020;20;;;;;10012.0;0.0
99;10500;INTARIAN_PEPPER_ROOT;12007;16;12004;20;;;12021;15;12022;20;;;12014.0;0.0
99;10600;ASH_COATED_OSMIUM;10011;15;;;;;10029;16;;;;;10020.0;0.0
99;10600;INTARIAN_PEPPER_ROOT;12010;16;12008;11;;;12023;17;12024;18;;;12016.5;0.0
99;10700;ASH_COATED_OSMIUM;10011;5;10008;21;;;10027;5;10030;14;;;10019.0;0.0
99;10700;INTARIAN_PEPPER_ROOT;12008;12;;;;;12021;9;;;;;12014.5;0.0
99;10800;ASH_COATED_OSMIUM;10013;16;;;;;10029;14;;;;;10021.0;0.0
99;10800;INTARIAN_PEPPER_ROOT;12008;6;;;;;12024;15;;;;;12016.0;0.0
99;10900;ASH_COATED_OSMIUM;10012;19;10010;13;;;10017;9;10018;21;;;10014.5;0.0
99;10900;INTARIAN_PEPPER_ROOT;12006;5;;;;;;;;;;;12006;0.0
99;11000;ASH_COATED_OSMIUM;10008;20;10005;18;;;10026;20;10029;10;;;10017.0;0.0
99;11000;INTARIAN_PEPPER_ROOT;12004;18;;;;;12018;14;;;;;12011.0;0.0
99;11100;ASH_COATED_OSMIUM;;;;;;;10026;5;10027;26;;;10026;0.0
99;11100;INTARIAN_PEPPER_ROOT;12005;8;12002;10;;;12019;18;12020;25;;;12012.0;0.0
99;11200;ASH_COATED_OSMIUM;10003;13;;;;;10024;5;;;;;10013.5;0.0
99;11200;INTARIAN_PEPPER_ROOT;12009;19;;;;;12023;15;;;;;12016.0;0.0
99;11300;ASH_COATED_OSMIUM;10009;17;10006;21;;;10018;16;10019;23;;;10013.5;0.0
99;11300;INTARIAN_PEPPER_ROOT;12008;11;12006;16;;;12021;5;12022;12;;;12014.5;0.0
99;11400;ASH_COATED_OSMIUM;10004;4;10001;10;;;10020;10;10021;16;;;10012.0;0.0
99;11400;INTARIAN_PEPPER_ROOT;12007;12;;;;;12021;8;;;;;12014.0;0.0
99;11500;ASH_COATED_OSMIUM;10002;16;9999;17;;;;;;;;;10002;0.0
99;11500;INTARIAN_PEPPER_ROOT;12010;6;;;;;12024;8;;;;;12017.0;0.0
99;11600;ASH_COATED_OSMIUM;10003;4;10002;28;;;10024;16;10026;23;;;10013.5;0.0
99;11600;INTARIAN_PEPPER_ROOT;12009;20;12006;11;;;12025;18;12027;22;;;12017.0;0.0
99;11700;ASH_COATED_OSMIUM;;;;;;;10022;14;10023;28;;;10022;0.0
99;11700;INTARIAN_PEPPER_ROOT;12011;13;12009;22;;;12024;15;12027;14;;;12017.5;0.0
99;11800;ASH_COATED_OSMIUM;10006;13;10003;26;;;10012;8;10013;26;;;10009.0;0.0
99;11800;INTARIAN_PEPPER_ROOT;12009;20;12006;18;;;;;;;;;12009;0.0
99;11900;ASH_COATED_OSMIUM;10002;7;9999;30;;;10018;11;10019;12;;;10010.0;0.0
99;11900;INTARIAN_PEPPER_ROOT;12009;15;12007;20;;;12026;5;12028;11;;;12017.5;0.0
99;12000;ASH_COATED_OSMIUM;9997;17;;;;;10016;13;;;;;10006.5;0.0
99;12000;INTARIAN_PEPPER_ROOT;12013;15;;;;;12027;15;;;;;12020.0;0.0
99;12100;ASH_COATED_OSMIUM;9999;14;9997;11;;;10015;19;10017;11;;;10007.0;0.0
99;12100;INTARIAN_PEPPER_ROOT;12014;20;12012;25;;;12028;19;12029;25;;;12021.0;0.0
99;12200;ASH_COATED_OSMIUM;10000;19;9997;11;;;10016;15;10019;24;;;10008.0;0.0
99;12200;INTARIAN_PEPPER_ROOT;12014;19;12013;17;;;12027;19;12029;12;;;12020.5;0.0
99;12300;ASH_COATED_OSMIUM;9997;6;;;;;10015;13;;;;;10006.0;0.0
99;12300;INTARIAN_PEPPER_ROOT;12014;8;;;;;12027;20;;;;;12020.5;0.0
99;12400;ASH_COATED_OSMIUM;;;;;;;10014;19;10016;22;;;10014;0.0
99;12400;INTARIAN_PEPPER_ROOT;12015;15;;;;;12028;15;;;;;12021.5;0.0
99;12500;ASH_COATED_OSMIUM;9995;20;9992;29;;;10011;15;10014;14;;;10003.0;0.0
99;12500;INTARIAN_PEPPER_ROOT;12014;12;;;;;12028;8;;;;;12021.0;0.0
99;12600;ASH_COATED_OSMIUM;9996;15;9995;27;;;10017;7;10019;22;;;10006.5;0.0
99;12600;INTARIAN_PEPPER_ROOT;12014;7;;;;;12027;12;;;;;12020.5;0.0
99;12700;ASH_COATED_OSMIUM;9996;5;9995;19;;;10015;16;10017;15;;;10005.5;0.0
99;12700;INTARIAN_PEPPER_ROOT;12013;10;;;;;12027;16;;;;;12020.0;0.0
99;12800;ASH_COATED_OSMIUM;9999;7;9998;27;;;10015;5;10018;26;;;10007.0;0.0
99;12800;INTARIAN_PEPPER_ROOT;12012;19;;;;;;;;;;;12012;0.0
99;12900;ASH_COATED_OSMIUM;9997;17;9994;17;;;10013;4;10016;24;;;10005.0;0.0
99;12900;INTARIAN_PEPPER_ROOT;12011;5;12008;12;;;12024;17;12025;10;;;12017.5;0.0
99;13000;ASH_COATED_OSMIUM;9996;12;;;;;10012;18;;;;;10004.0;0.0
99;13000;INTARIAN_PEPPER_ROOT;12011;16;;;;;12027;5;;;;;12019.0;0.0
99;13100;ASH_COATED_OSMIUM;9993;19;;;;;10012;16;;;;;10002.5;0.0
99;13100;INTARIAN_PEPPER_ROOT;12009;6;12007;11;;;12026;11;12028;10;;;12017.5;0.0
99;13200;ASH_COATED_OSMIUM;9988;18;9987;26;;;10009;14;10012;13;;;9998.5;0.0
99;13200;INTARIAN_PEPPER_ROOT;12013;20;12011;24;;;12027;7;12029;15;;;12020.0;0.0
99;13300;ASH_COATED_OSMIUM;9991;17;;;;;10007;14;;;;;9999.0;0.0
99;13300;INTARIAN_PEPPER_ROOT;12010;16;12007;11;;;12023;13;12026;25;;;12016.5;0.0
99;13400;ASH_COATED_OSMIUM;9988;14;9987;30;;;10004;10;10007;20;;;9996.0;0.0
99;13400;INTARIAN_PEPPER_ROOT;12011;15;;;;;12025;11;;;;;12018.0;0.0
99;13500;ASH_COATED_OSMIUM;9988;18;9987;18;;;10009;17;10010;16;;;9998.5;0.0
99;13500;INTARIAN_PEPPER_ROOT;12012;6;12010;19;;;12026;14;12027;20;;;12019.0;0.0
99;13600;ASH_COATED_OSMIUM;9992;12;9991;23;;;10008;10;10009;30;;;10000.0;0.0
99;13600;INTARIAN_PEPPER_ROOT;12012;17;12010;25;;;12028;13;12030;16;;;12020.0;0.0
99;13700;ASH_COATED_OSMIUM;9989;10;9988;21;;;;;;;;;9989;0.0
99;13700;INTARIAN_PEPPER_ROOT;12013;16;;;;;12029;12;;;;;12021.0;0.0
99;13800;ASH_COATED_OSMIUM;9991;5;9988;10;;;10007;19;10010;22;;;9999.0;0.0
99;13800;INTARIAN_PEPPER_ROOT;12013;8;12010;14;;;12027;20;12030;25;;;12020.0;0.0
99;13900;ASH_COATED_OSMIUM;9994;14;;;;;10010;10;;;;;10002.0;0.0
99;13900;INTARIAN_PEPPER_ROOT;12013;14;;;;;12027;10;;;;;12020.0;0.0
99;14000;ASH_COATED_OSMIUM;9995;14;9992;24;;;10011;20;10012;25;;;10003.0;0.0
99;14000;INTARIAN_PEPPER_ROOT;12008;14;12007;22;;;12025;10;12026;12;;;12016.5;0.0
99;14100;ASH_COATED_OSMIUM;9995;9;9993;22;;;10011;4;10014;27;;;10003.0;0.0
99;14100;INTARIAN_PEPPER_ROOT;12008;13;;;;;12021;7;;;;;12014.5;0.0
99;14200;ASH_COATED_OSMIUM;9996;4;9994;22;;;10007;13;10009;24;;;10001.5;0.0
99;14200;INTARIAN_PEPPER_ROOT;12008;11;12006;15;;;12022;19;12024;14;;;12015.0;0.0
99;14300;ASH_COATED_OSMIUM;9986;11;;;;;10005;5;;;;;9995.5;0.0
99;14300;INTARIAN_PEPPER_ROOT;;;;;;;12021;5;;;;;12021;0.0
99;14400;ASH_COATED_OSMIUM;9993;6;9991;24;;;10009;5;10011;29;;;10001.0;0.0
99;14400;INTARIAN_PEPPER_ROOT;12009;13;12008;11;;;12022;7;12024;17;;;12015.5;0.0
99;14500;ASH_COATED_OSMIUM;9993;16;9992;30;;;10012;11;10013;22;;;10002.5;0.0
99;14500;INTARIAN_PEPPER_ROOT;12005;10;12003;12;;;12019;20;12020;24;;;12012.0;0.0
99;14600;ASH_COATED_OSMIUM;9998;17;9997;21;;;10014;4;10017;21;;;10006.0;0.0
99;14600;INTARIAN_PEPPER_ROOT;12002;6;12000;10;;;12015;7;12018;21;;;12008.5;0.0
99;14700;ASH_COATED_OSMIUM;9994;7;9992;18;;;10010;19;10013;17;;;10002.0;0.0
99;14700;INTARIAN_PEPPER_ROOT;12001;9;11999;19;;;12017;7;12019;13;;;12009.0;0.0
99;14800;ASH_COATED_OSMIUM;9995;6;;;;;10004;11;;;;;9999.5;0.0
99;14800;INTARIAN_PEPPER_ROOT;12001;5;;;;;12015;16;;;;;12008.0;0.0
99;14900;ASH_COATED_OSMIUM;9993;5;9990;12;;;10009;17;10011;20;;;10001.0;0.0
99;14900;INTARIAN_PEPPER_ROOT;12002;19;;;;;12015;16;;;;;12008.5;0.0
99;15000;ASH_COATED_OSMIUM;9997;8;;;;;10013;8;;;;;10005.0;0.0
99;15000;INTARIAN_PEPPER_ROOT;12001;7;;;;;12015;14;;;;;12008.0;0.0
99;15100;ASH_COATED_OSMIUM;9997;14;;;;;;;;;;;9997;0.0
99;15100;INTARIAN_PEPPER_ROOT;12004;20;;;;;12017;15;;;;;12010.5;0.0
99;15200;ASH_COATED_OSMIUM;9997;18;9995;12;;;10018;19;10021;14;;;10007.5;0.0
99;15200;INTARIAN_PEPPER_ROOT;12006;9;;;;;12019;10;;;;;12012.5;0.0
99;15300;ASH_COATED_OSMIUM;9996;8;9995;26;;;10015;7;10016;14;;;10005.5;0.0
99;15300;INTARIAN_PEPPER_ROOT;12006;16;;;;;12022;15;;;;;12014.0;0.0
99;15400;ASH_COATED_OSMIUM;9993;12;9990;18;;;10012;5;10015;14;;;10002.5;0.0
99;15400;INTARIAN_PEPPER_ROOT;12007;17;;;;;12020;6;;;;;12013.5;0.0
99;15500;ASH_COATED_OSMIUM;9994;13;;;;;10010;4;;;;;10002.0;0.0
99;15500;INTARIAN_PEPPER_ROOT;12010;17;12009;16;;;12024;18;12026;19;;;12017.0;0.0
99;15600;ASH_COATED_OSMIUM;9990;3;;;;;10011;18;;;;;10000.5;0.0
99;15600;INTARIAN_PEPPER_ROOT;12010;8;12007;11;;;12023;13;12025;25;;;12016.5;0.0
99;15700;ASH_COATED_OSMIUM;9990;5;9988;24;;;10008;4;10010;16;;;9999.0;0.0
99;15700;INTARIAN_PEPPER_ROOT;12009;11;12008;17;;;12023;11;12025;22;;;12016.0;0.0
99;15800;ASH_COATED_OSMIUM;9989;15;;;;;10005;7;;;;;9997.0;0.0
99;15800;INTARIAN_PEPPER_ROOT;12009;15;;;;;12025;20;;;;;12017.0;0.0
99;15900;ASH_COATED_OSMIUM;9991;12;;;;;10007;15;;;;;9999.0;0.0
99;15900;INTARIAN_PEPPER_ROOT;12011;12;12008;12;;;12024;14;12025;23;;;12017.5;0.0
99;16000;ASH_COATED_OSMIUM;9991;13;;;;;10010;9;;;;;10000.5;0.0
99;16000;INTARIAN_PEPPER_ROOT;12010;14;12007;23;;;12026;9;12028;17;;;12018.0;0.0
99;16100;ASH_COATED_OSMIUM;;;;;;;10006;10;10007;19;;;10006;0.0
99;16100;INTARIAN_PEPPER_ROOT;12012;12;;;;;12025;10;;;;;12018.5;0.0
99;16200;ASH_COATED_OSMIUM;9987;3;9985;21;;;10006;6;10009;22;;;9996.5;0.0
99;16200;INTARIAN_PEPPER_ROOT;12010;5;;;;;12023;9;;;;;12016.5;0.0
99;16300;ASH_COATED_OSMIUM;9984;17;9981;29;;;10003;20;10006;13;;;9993.5;0.0
99;16300;INTARIAN_PEPPER_ROOT;12010;12;12007;18;;;12024;12;12026;23;;;12017.0;0.0
99;16400;ASH_COATED_OSMIUM;9991;14;9988;26;;;10000;7;10002;11;;;9995.5;0.0
99;16400;INTARIAN_PEPPER_ROOT;12006;19;;;;;12022;19;;;;;12014.0;0.0
99;16500;ASH_COATED_OSMIUM;9988;7;;;;;10007;13;;;;;9997.5;0.0
99;16500;INTARIAN_PEPPER_ROOT;12009;6;12006;16;;;12023;17;12025;17;;;12016.0;0.0
99;16600;ASH_COATED_OSMIUM;9990;13;;;;;10009;19;;;;;9999.5;0.0
99;16600;INTARIAN_PEPPER_ROOT;12006;18;12004;24;;;;;;;;;12006;0.0
99;16700;ASH_COATED_OSMIUM;9990;12;9988;28;;;10008;3;10011;28;;;9999.0;0.0
99;16700;INTARIAN_PEPPER_ROOT;12006;18;;;;;12019;7;;;;;12012.5;0.0
99;16800;ASH_COATED_OSMIUM;9992;15;;;;;10002;7;;;;;9997.0;0.0
99;16800;INTARIAN_PEPPER_ROOT;12008;12;12006;12;;;12021;6;12024;25;;;12014.5;0.0
99;16900;ASH_COATED_OSMIUM;9984;9;9981;11;;;10002;16;10004;14;;;9993.0;0.0
99;16900;INTARIAN_PEPPER_ROOT;12012;15;12010;20;;;12025;20;12027;10;;;12018.5;0.0
99;17000;ASH_COATED_OSMIUM;9982;13;9979;27;;;10000;8;10002;21;;;9991.0;0.0
99;17000;INTARIAN_PEPPER_ROOT;12011;7;;;;;12027;6;;;;;12019.0;0.0
99;17100;ASH_COATED_OSMIUM;9986;11;9984;16;;;10002;20;10004;25;;;9994.0;0.0
99;17100;INTARIAN_PEPPER_ROOT;;;;;;;12025;15;12027;13;;;12025;0.0
99;17200;ASH_COATED_OSMIUM;9983;12;9980;22;;;9999;6;10001;21;;;9991.0;0.0
99;17200;INTARIAN_PEPPER_ROOT;12015;20;12012;25;;;12028;6;12031;18;;;12021.5;0.0
99;17300;ASH_COATED_OSMIUM;9983;11;9980;27;;;10001;18;10003;18;;;9992.0;0.0
99;17300;INTARIAN_PEPPER_ROOT;12014;14;12012;18;;;12030;13;12032;13;;;12022.0;0.0
99;17400;ASH_COATED_OSMIUM;9979;19;9978;23;;;10000;10;10001;20;;;9989.5;0.0
99;17400;INTARIAN_PEPPER_ROOT;12016;14;;;;;12030;12;;;;;12023.0;0.0
99;17500;ASH_COATED_OSMIUM;9990;18;;;;;9998;18;;;;;9994.0;0.0
99;17500;INTARIAN_PEPPER_ROOT;12015;8;12014;24;;;12032;16;12034;16;;;12023.5;0.0
99;17600;ASH_COATED_OSMIUM;9989;10;;;;;10005;20;;;;;9997.0;0.0
99;17600;INTARIAN_PEPPER_ROOT;12017;5;;;;;12031;19;;;;;12024.0;0.0
99;17700;ASH_COATED_OSMIUM;9996;15;9993;11;;;10012;18;10014;10;;;10004.0;0.0
99;17700;INTARIAN_PEPPER_ROOT;12019;15;12018;10;;;;;;;;;12019;0.0
99;17800;ASH_COATED_OSMIUM;9996;20;9995;24;;;10014;19;10017;18;;;10005.0;0.0
99;17800;INTARIAN_PEPPER_ROOT;12016;11;12015;21;;;12030;9;12032;24;;;12023.0;0.0
99;17900;ASH_COATED_OSMIUM;9996;13;9995;29;;;10017;12;10018;30;;;10006.5;0.0
99;17900;INTARIAN_PEPPER_ROOT;;;;;;;12032;12;12035;22;;;12032;0.0
99;18000;ASH_COATED_OSMIUM;9997;6;;;;;10018;8;;;;;10007.5;0.0
99;18000;INTARIAN_PEPPER_ROOT;12017;14;;;;;12034;15;;;;;12025.5;0.0
99;18100;ASH_COATED_OSMIUM;10000;12;9998;17;;;10016;3;10019;11;;;10008.0;0.0
99;18100;INTARIAN_PEPPER_ROOT;12019;18;;;;;12035;19;;;;;12027.0;0.0
99;18200;ASH_COATED_OSMIUM;9997;12;9995;29;;;10018;6;10020;17;;;10007.5;0.0
99;18200;INTARIAN_PEPPER_ROOT;12018;8;12015;25;;;12031;7;12034;12;;;12024.5;0.0
99;18300;ASH_COATED_OSMIUM;9999;18;;;;;10018;20;;;;;10008.5;0.0
99;18300;INTARIAN_PEPPER_ROOT;12018;14;12017;10;;;12031;14;12032;25;;;12024.5;0.0
99;18400;ASH_COATED_OSMIUM;10002;19;10000;28;;;10018;17;10019;13;;;10010.0;0.0
99;18400;INTARIAN_PEPPER_ROOT;12019;17;;;;;12035;11;;;;;12027.0;0.0
99;18500;ASH_COATED_OSMIUM;9996;17;;;;;10015;6;;;;;10005.5;0.0
99;18500;INTARIAN_PEPPER_ROOT;12023;16;;;;;12037;7;;;;;12030.0;0.0
99;18600;ASH_COATED_OSMIUM;9997;17;9995;11;;;10013;7;10016;27;;;10005.0;0.0
99;18600;INTARIAN_PEPPER_ROOT;12026;5;12025;17;;;12039;6;12040;25;;;12032.5;0.0
99;18700;ASH_COATED_OSMIUM;9997;5;9994;27;;;10016;4;10017;11;;;10006.5;0.0
99;18700;INTARIAN_PEPPER_ROOT;12030;11;;;;;12043;8;;;;;12036.5;0.0
99;18800;ASH_COATED_OSMIUM;9998;8;;;;;;;;;;;9998;0.0
99;18800;INTARIAN_PEPPER_ROOT;12030;9;;;;;12044;5;;;;;12037.0;0.0
99;18900;ASH_COATED_OSMIUM;9991;15;;;;;10009;5;;;;;10000.0;0.0
99;18900;INTARIAN_PEPPER_ROOT;12028;16;;;;;12044;8;;;;;12036.0;0.0
99;19000;ASH_COATED_OSMIUM;9989;20;9986;10;;;10005;15;10006;10;;;9997.0;0.0
99;19000;INTARIAN_PEPPER_ROOT;12030;12;;;;;12043;20;;;;;12036.5;0.0
99;19100;ASH_COATED_OSMIUM;9984;14;9981;11;;;10002;7;10003;23;;;9993.0;0.0
99;19100;INTARIAN_PEPPER_ROOT;12030;7;12027;16;;;12047;6;12050;14;;;12038.5;0.0
99;19200;ASH_COATED_OSMIUM;9986;6;9983;11;;;10002;4;10005;17;;;9994.0;0.0
99;19200;INTARIAN_PEPPER_ROOT;12029;19;12028;19;;;12046;9;12047;15;;;12037.5;0.0
99;19300;ASH_COATED_OSMIUM;9983;12;;;;;10002;10;;;;;9992.5;0.0
99;19300;INTARIAN_PEPPER_ROOT;12030;18;;;;;12044;19;;;;;12037.0;0.0
99;19400;ASH_COATED_OSMIUM;9986;10;;;;;10002;12;;;;;9994.0;0.0
99;19400;INTARIAN_PEPPER_ROOT;12030;12;;;;;12043;5;;;;;12036.5;0.0
99;19500;ASH_COATED_OSMIUM;9980;8;9979;30;;;10001;16;10003;22;;;9990.5;0.0
99;19500;INTARIAN_PEPPER_ROOT;12027;12;;;;;12041;18;;;;;12034.0;0.0
99;19600;ASH_COATED_OSMIUM;9982;8;9981;14;;;10000;20;10002;24;;;9991.0;0.0
99;19600;INTARIAN_PEPPER_ROOT;12028;10;;;;;12042;11;;;;;12035.0;0.0
99;19700;ASH_COATED_OSMIUM;9975;13;;;;;9991;5;;;;;9983.0;0.0
99;19700;INTARIAN_PEPPER_ROOT;12029;5;12028;20;;;12043;15;12045;15;;;12036.0;0.0
99;19800;ASH_COATED_OSMIUM;9977;15;;;;;9984;4;;;;;9980.5;0.0
99;19800;INTARIAN_PEPPER_ROOT;12032;9;12029;12;;;12045;7;12047;17;;;12038.5;0.0
99;19900;ASH_COATED_OSMIUM;9974;12;9973;13;;;9990;3;9993;25;;;9982.0;0.0
99;19900;INTARIAN_PEPPER_ROOT;12030;20;;;;;12043;13;;;;;12036.5;0.0
99;20000;ASH_COATED_OSMIUM;9969;20;;;;;9985;13;;;;;9977.0;0.0
99;20000;INTARIAN_PEPPER_ROOT;12028;14;12026;23;;;12042;11;12045;13;;;12035.0;0.0
99;20100;ASH_COATED_OSMIUM;9967;18;;;;;9983;13;;;;;9975.0;0.0
99;20100;INTARIAN_PEPPER_ROOT;12028;9;12026;18;;;12042;8;12045;21;;;12035.0;0.0
99;20200;ASH_COATED_OSMIUM;9967;3;9964;23;;;9983;11;9986;19;;;9975.0;0.0
99;20200;INTARIAN_PEPPER_ROOT;12028;15;12026;18;;;12041;19;12042;19;;;12034.5;0.0
99;20300;ASH_COATED_OSMIUM;9963;13;;;;;9984;11;;;;;9973.5;0.0
99;20300;INTARIAN_PEPPER_ROOT;12028;9;;;;;12041;16;;;;;12034.5;0.0
99;20400;ASH_COATED_OSMIUM;9966;14;9963;15;;;9987;8;9989;27;;;9976.5;0.0
99;20400;INTARIAN_PEPPER_ROOT;12029;20;;;;;12043;17;;;;;12036.0;0.0
99;20500;ASH_COATED_OSMIUM;9973;3;9970;12;;;9989;16;9990;14;;;9981.0;0.0
99;20500;INTARIAN_PEPPER_ROOT;12029;20;12028;16;;;12043;16;12046;10;;;12036.0;0.0
99;20600;ASH_COATED_OSMIUM;9976;18;9973;10;;;9984;3;9986;10;;;9980.0;0.0
99;20600;INTARIAN_PEPPER_ROOT;12028;13;;;;;12042;20;;;;;12035.0;0.0
99;20700;ASH_COATED_OSMIUM;9974;8;;;;;9985;6;;;;;9979.5;0.0
99;20700;INTARIAN_PEPPER_ROOT;12027;19;12024;21;;;12041;13;12042;23;;;12034.0;0.0
99;20800;ASH_COATED_OSMIUM;9980;11;9978;28;;;9996;15;9998;17;;;9988.0;0.0
99;20800;INTARIAN_PEPPER_ROOT;12025;19;;;;;12041;5;;;;;12033.0;0.0
99;20900;ASH_COATED_OSMIUM;9981;5;9978;11;;;9997;15;9999;30;;;9989.0;0.0
99;20900;INTARIAN_PEPPER_ROOT;12028;9;12026;15;;;12041;12;12044;17;;;12034.5;0.0
99;21000;ASH_COATED_OSMIUM;9986;19;9983;25;;;10002;4;10005;18;;;9994.0;0.0
99;21000;INTARIAN_PEPPER_ROOT;12028;13;12027;21;;;12041;17;12044;10;;;12034.5;0.0
99;21100;ASH_COATED_OSMIUM;9992;3;9989;12;;;;;;;;;9992;0.0
99;21100;INTARIAN_PEPPER_ROOT;;;;;;;12043;17;;;;;12043;0.0
99;21200;ASH_COATED_OSMIUM;9993;13;;;;;10012;15;;;;;10002.5;0.0
99;21200;INTARIAN_PEPPER_ROOT;12027;17;;;;;12043;14;;;;;12035.0;0.0
99;21300;ASH_COATED_OSMIUM;9999;10;9996;22;;;10017;5;10020;20;;;10008.0;0.0
99;21300;INTARIAN_PEPPER_ROOT;12033;8;12031;23;;;12037;8;12040;22;;;12035.0;0.0
99;21400;ASH_COATED_OSMIUM;9998;8;9995;17;;;10016;15;10018;12;;;10007.0;0.0
99;21400;INTARIAN_PEPPER_ROOT;12028;8;12027;16;;;12041;19;12042;25;;;12034.5;0.0
99;21500;ASH_COATED_OSMIUM;10002;5;;;;;10018;3;;;;;10010.0;0.0
99;21500;INTARIAN_PEPPER_ROOT;12025;9;;;;;12039;10;;;;;12032.0;0.0
99;21600;ASH_COATED_OSMIUM;10004;17;10002;10;;;10022;20;10023;12;;;10013.0;0.0
99;21600;INTARIAN_PEPPER_ROOT;12025;10;;;;;12039;12;;;;;12032.0;0.0
99;21700;ASH_COATED_OSMIUM;10008;5;;;;;10026;20;;;;;10017.0;0.0
99;21700;INTARIAN_PEPPER_ROOT;12023;12;;;;;12037;5;;;;;12030.0;0.0
99;21800;ASH_COATED_OSMIUM;10010;11;10009;15;;;10026;12;10027;23;;;10018.0;0.0
99;21800;INTARIAN_PEPPER_ROOT;12024;16;12021;25;;;12038;8;12041;24;;;12031.0;0.0
99;21900;ASH_COATED_OSMIUM;10007;9;10005;22;;;10025;17;10026;20;;;10016.0;0.0
99;21900;INTARIAN_PEPPER_ROOT;12024;16;;;;;12038;11;;;;;12031.0;0.0
99;22000;ASH_COATED_OSMIUM;10012;7;10009;25;;;10030;12;10031;20;;;10021.0;0.0
99;22000;INTARIAN_PEPPER_ROOT;12024;13;12023;12;;;12037;6;12038;18;;;12030.5;0.0
99;22100;ASH_COATED_OSMIUM;10011;13;10009;13;;;10027;15;10029;28;;;10019.0;0.0
99;22100;INTARIAN_PEPPER_ROOT;12026;13;;;;;12039;17;;;;;12032.5;0.0
99;22200;ASH_COATED_OSMIUM;10012;17;10010;12;;;10028;9;10031;23;;;10020.0;0.0
99;22200;INTARIAN_PEPPER_ROOT;12026;8;12025;22;;;12039;12;12040;20;;;12032.5;0.0
99;22300;ASH_COATED_OSMIUM;10012;5;;;;;10030;17;;;;;10021.0;0.0
99;22300;INTARIAN_PEPPER_ROOT;12022;5;;;;;12039;7;;;;;12030.5;0.0
99;22400;ASH_COATED_OSMIUM;10012;16;10010;27;;;10033;20;10036;29;;;10022.5;0.0
99;22400;INTARIAN_PEPPER_ROOT;;;;;;;12038;7;;;;;12038;0.0
99;22500;ASH_COATED_OSMIUM;10019;15;;;;;10035;13;;;;;10027.0;0.0
99;22500;INTARIAN_PEPPER_ROOT;12026;14;12023;18;;;12039;12;12042;19;;;12032.5;0.0
99;22600;ASH_COATED_OSMIUM;10024;20;10022;28;;;10033;10;10035;26;;;10028.5;0.0
99;22600;INTARIAN_PEPPER_ROOT;12026;19;12024;21;;;12040;18;12041;11;;;12033.0;0.0
99;22700;ASH_COATED_OSMIUM;10021;7;10019;26;;;10042;14;10043;25;;;10031.5;0.0
99;22700;INTARIAN_PEPPER_ROOT;12027;20;12025;24;;;12043;9;12045;13;;;12035.0;0.0
99;22800;ASH_COATED_OSMIUM;10028;12;;;;;10033;4;;;;;10030.5;0.0
99;22800;INTARIAN_PEPPER_ROOT;12029;9;12026;24;;;12042;8;12043;11;;;12035.5;0.0
99;22900;ASH_COATED_OSMIUM;10025;19;10023;23;;;10041;8;10044;24;;;10033.0;0.0
99;22900;INTARIAN_PEPPER_ROOT;12029;13;12027;10;;;12046;14;12047;14;;;12037.5;0.0
99;23000;ASH_COATED_OSMIUM;10020;15;;;;;10038;3;;;;;10029.0;0.0
99;23000;INTARIAN_PEPPER_ROOT;12027;7;12024;22;;;;;;;;;12027;0.0
99;23100;ASH_COATED_OSMIUM;10020;5;;;;;10030;6;;;;;10025.0;0.0
99;23100;INTARIAN_PEPPER_ROOT;12030;5;12028;17;;;12043;5;12045;12;;;12036.5;0.0
99;23200;ASH_COATED_OSMIUM;10015;18;;;;;10036;19;;;;;10025.5;0.0
99;23200;INTARIAN_PEPPER_ROOT;12031;8;;;;;12045;11;;;;;12038.0;0.0
99;23300;ASH_COATED_OSMIUM;10015;12;;;;;10031;5;;;;;10023.0;0.0
99;23300;INTARIAN_PEPPER_ROOT;12031;18;12029;18;;;12045;9;12046;14;;;12038.0;0.0
99;23400;ASH_COATED_OSMIUM;10016;19;10015;22;;;10032;15;10035;23;;;10024.0;0.0
99;23400;INTARIAN_PEPPER_ROOT;12032;7;12029;10;;;;;;;;;12032;0.0
99;23500;ASH_COATED_OSMIUM;10012;12;10010;11;;;10030;7;10033;21;;;10021.0;0.0
99;23500;INTARIAN_PEPPER_ROOT;12032;20;;;;;12045;10;;;;;12038.5;0.0
99;23600;ASH_COATED_OSMIUM;10007;19;10005;24;;;10026;18;10028;25;;;10016.5;0.0
99;23600;INTARIAN_PEPPER_ROOT;12030;9;;;;;12046;7;;;;;12038.0;0.0
99;23700;ASH_COATED_OSMIUM;;;;;;;10019;17;10022;13;;;10019;0.0
99;23700;INTARIAN_PEPPER_ROOT;12032;8;;;;;12045;16;;;;;12038.5;0.0
99;23800;ASH_COATED_OSMIUM;10000;4;9998;30;;;10019;17;10020;17;;;10009.5;0.0
99;23800;INTARIAN_PEPPER_ROOT;12034;13;12033;11;;;12047;20;12050;13;;;12040.5;0.0
99;23900;ASH_COATED_OSMIUM;10004;10;;;;;10020;9;;;;;10012.0;0.0
99;23900;INTARIAN_PEPPER_ROOT;12032;13;12029;15;;;12049;8;12050;24;;;12040.5;0.0
99;24000;ASH_COATED_OSMIUM;10004;7;;;;;10020;9;;;;;10012.0;0.0
99;24000;INTARIAN_PEPPER_ROOT;12031;7;;;;;12048;8;;;;;12039.5;0.0
99;24100;ASH_COATED_OSMIUM;10000;12;;;;;10016;11;;;;;10008.0;0.0
99;24100;INTARIAN_PEPPER_ROOT;12032;8;12030;17;;;12049;17;12052;11;;;12040.5;0.0
99;24200;ASH_COATED_OSMIUM;9998;4;;;;;10016;11;;;;;10007.0;0.0
99;24200;INTARIAN_PEPPER_ROOT;12034;11;;;;;12048;18;;;;;12041.0;0.0
99;24300;ASH_COATED_OSMIUM;9997;15;9994;30;;;10018;18;10020;23;;;10007.5;0.0
99;24300;INTARIAN_PEPPER_ROOT;12034;8;;;;;12047;13;;;;;12040.5;0.0
99;24400;ASH_COATED_OSMIUM;10002;19;;;;;10010;11;;;;;10006.0;0.0
99;24400;INTARIAN_PEPPER_ROOT;12035;8;;;;;12049;13;;;;;12042.0;0.0
99;24500;ASH_COATED_OSMIUM;9995;17;;;;;10011;14;;;;;10003.0;0.0
99;24500;INTARIAN_PEPPER_ROOT;12034;13;12031;22;;;;;;;;;12034;0.0
99;24600;ASH_COATED_OSMIUM;9995;11;;;;;10013;13;;;;;10004.0;0.0
99;24600;INTARIAN_PEPPER_ROOT;12033;20;12032;25;;;12050;20;12051;14;;;12041.5;0.0
99;24700;ASH_COATED_OSMIUM;9992;4;9990;13;;;10008;6;10009;15;;;10000.0;0.0
99;24700;INTARIAN_PEPPER_ROOT;12036;20;;;;;12050;8;;;;;12043.0;0.0
99;24800;ASH_COATED_OSMIUM;9993;7;9991;30;;;10003;12;10004;21;;;9998.0;0.0
99;24800;INTARIAN_PEPPER_ROOT;12037;19;;;;;12050;8;;;;;12043.5;0.0
99;24900;ASH_COATED_OSMIUM;9983;10;;;;;10004;16;;;;;9993.5;0.0
99;24900;INTARIAN_PEPPER_ROOT;12036;8;12034;24;;;12049;8;12052;23;;;12042.5;0.0
99;25000;ASH_COATED_OSMIUM;9996;19;9993;13;;;10002;17;10004;23;;;9999.0;0.0
99;25000;INTARIAN_PEPPER_ROOT;12036;18;12034;10;;;12052;9;12054;25;;;12044.0;0.0
99;25100;ASH_COATED_OSMIUM;9993;12;9992;14;;;10000;7;10003;12;;;9996.5;0.0
99;25100;INTARIAN_PEPPER_ROOT;12038;17;12036;13;;;12052;13;12053;21;;;12045.0;0.0
99;25200;ASH_COATED_OSMIUM;9992;9;;;;;10002;7;;;;;9997.0;0.0
99;25200;INTARIAN_PEPPER_ROOT;12038;7;12037;23;;;12052;20;12055;17;;;12045.0;0.0
99;25300;ASH_COATED_OSMIUM;9984;15;;;;;10005;14;;;;;9994.5;0.0
99;25300;INTARIAN_PEPPER_ROOT;12034;9;12031;18;;;12050;9;12053;21;;;12042.0;0.0
99;25400;ASH_COATED_OSMIUM;9986;12;;;;;10005;3;;;;;9995.5;0.0
99;25400;INTARIAN_PEPPER_ROOT;12038;9;12036;19;;;12051;15;12054;18;;;12044.5;0.0
99;25500;ASH_COATED_OSMIUM;9987;10;9986;30;;;10003;18;10005;29;;;9995.0;0.0
99;25500;INTARIAN_PEPPER_ROOT;12037;12;;;;;12051;6;;;;;12044.0;0.0
99;25600;ASH_COATED_OSMIUM;;;;;;;10006;15;;;;;10006;0.0
99;25600;INTARIAN_PEPPER_ROOT;12039;7;12037;25;;;12052;8;12054;14;;;12045.5;0.0
99;25700;ASH_COATED_OSMIUM;9987;5;9986;22;;;10003;3;10004;26;;;9995.0;0.0
99;25700;INTARIAN_PEPPER_ROOT;12040;13;12039;13;;;12053;19;12056;22;;;12046.5;0.0
99;25800;ASH_COATED_OSMIUM;9990;5;9989;12;;;10008;20;10010;19;;;9999.0;0.0
99;25800;INTARIAN_PEPPER_ROOT;12038;6;;;;;;;;;;;12038;0.0
99;25900;ASH_COATED_OSMIUM;9995;5;;;;;10016;12;;;;;10005.5;0.0
99;25900;INTARIAN_PEPPER_ROOT;12042;6;12041;22;;;12047;16;12049;18;;;12044.5;0.0
99;26000;ASH_COATED_OSMIUM;9993;6;9992;15;;;10011;17;10013;13;;;10002.0;0.0
99;26000;INTARIAN_PEPPER_ROOT;12037;17;12035;21;;;12054;14;12056;21;;;12045.5;0.0
99;26100;ASH_COATED_OSMIUM;9998;14;;;;;10014;7;;;;;10006.0;0.0
99;26100;INTARIAN_PEPPER_ROOT;12040;5;12038;12;;;12057;18;12059;22;;;12048.5;0.0
99;26200;ASH_COATED_OSMIUM;10004;16;10002;28;;;10020;11;10023;30;;;10012.0;0.0
99;26200;INTARIAN_PEPPER_ROOT;12040;14;12038;14;;;12054;15;12057;20;;;12047.0;0.0
99;26300;ASH_COATED_OSMIUM;10001;6;9998;11;;;10017;6;10018;10;;;10009.0;0.0
99;26300;INTARIAN_PEPPER_ROOT;12038;17;;;;;12055;9;;;;;12046.5;0.0
99;26400;ASH_COATED_OSMIUM;10002;20;10001;20;;;10018;16;10020;18;;;10010.0;0.0
99;26400;INTARIAN_PEPPER_ROOT;12038;18;;;;;;;;;;;12038;0.0
99;26500;ASH_COATED_OSMIUM;9999;4;9997;19;;;10018;15;10020;20;;;10008.5;0.0
99;26500;INTARIAN_PEPPER_ROOT;12038;9;12035;14;;;12055;20;12056;13;;;12046.5;0.0
99;26600;ASH_COATED_OSMIUM;9999;10;9997;27;;;10015;17;10016;17;;;10007.0;0.0
99;26600;INTARIAN_PEPPER_ROOT;12042;19;;;;;12056;20;;;;;12049.0;0.0
99;26700;ASH_COATED_OSMIUM;10000;13;;;;;10016;3;;;;;10008.0;0.0
99;26700;INTARIAN_PEPPER_ROOT;12039;9;;;;;12055;7;;;;;12047.0;0.0
99;26800;ASH_COATED_OSMIUM;9999;16;;;;;10015;18;;;;;10007.0;0.0
99;26800;INTARIAN_PEPPER_ROOT;12041;13;12040;13;;;12057;20;12060;11;;;12049.0;0.0
99;26900;ASH_COATED_OSMIUM;10005;14;;;;;10013;17;;;;;10009.0;0.0
99;26900;INTARIAN_PEPPER_ROOT;12044;10;12041;25;;;12060;6;12062;23;;;12052.0;0.0
99;27000;ASH_COATED_OSMIUM;10008;4;;;;;10013;16;;;;;10010.5;0.0
99;27000;INTARIAN_PEPPER_ROOT;12044;7;12041;21;;;12061;16;12063;12;;;12052.5;0.0
99;27100;ASH_COATED_OSMIUM;10001;13;10000;14;;;10017;17;10018;28;;;10009.0;0.0
99;27100;INTARIAN_PEPPER_ROOT;12046;5;12043;16;;;12060;20;12061;12;;;12053.0;0.0
99;27200;ASH_COATED_OSMIUM;10006;20;;;;;10022;14;;;;;10014.0;0.0
99;27200;INTARIAN_PEPPER_ROOT;12049;15;;;;;12062;18;;;;;12055.5;0.0
99;27300;ASH_COATED_OSMIUM;10003;4;;;;;10024;9;;;;;10013.5;0.0
99;27300;INTARIAN_PEPPER_ROOT;12049;10;12047;16;;;12065;17;12066;12;;;12057.0;0.0
99;27400;ASH_COATED_OSMIUM;10010;4;10009;22;;;10019;12;10020;24;;;10014.5;0.0
99;27400;INTARIAN_PEPPER_ROOT;12046;20;12045;10;;;12063;18;12064;24;;;12054.5;0.0
99;27500;ASH_COATED_OSMIUM;10005;10;10003;30;;;10021;7;10023;30;;;10013.0;0.0
99;27500;INTARIAN_PEPPER_ROOT;12047;5;;;;;;;;;;;12047;0.0
99;27600;ASH_COATED_OSMIUM;10005;9;;;;;10021;17;;;;;10013.0;0.0
99;27600;INTARIAN_PEPPER_ROOT;12047;15;12045;18;;;12061;13;12064;15;;;12054.0;0.0
99;27700;ASH_COATED_OSMIUM;10006;16;10004;23;;;10025;15;10028;15;;;10015.5;0.0
99;27700;INTARIAN_PEPPER_ROOT;12049;11;12046;24;;;12062;19;12065;23;;;12055.5;0.0
99;27800;ASH_COATED_OSMIUM;10003;4;10001;27;;;10019;10;10021;25;;;10011.0;0.0
99;27800;INTARIAN_PEPPER_ROOT;12047;5;12045;13;;;12061;10;12062;10;;;12054.0;0.0
99;27900;ASH_COATED_OSMIUM;10000;20;;;;;10021;3;;;;;10010.5;0.0
99;27900;INTARIAN_PEPPER_ROOT;12047;15;12045;15;;;12061;13;12064;22;;;12054.0;0.0
99;28000;ASH_COATED_OSMIUM;10002;19;10001;20;;;10021;13;10022;29;;;10011.5;0.0
99;28000;INTARIAN_PEPPER_ROOT;12048;9;;;;;12061;12;;;;;12054.5;0.0
99;28100;ASH_COATED_OSMIUM;10010;10;10007;18;;;10021;8;10022;27;;;10015.5;0.0
99;28100;INTARIAN_PEPPER_ROOT;12048;7;;;;;12062;8;;;;;12055.0;0.0
99;28200;ASH_COATED_OSMIUM;10004;15;;;;;10020;14;;;;;10012.0;0.0
99;28200;INTARIAN_PEPPER_ROOT;12047;13;12046;16;;;12060;11;12063;20;;;12053.5;0.0
99;28300;ASH_COATED_OSMIUM;10003;3;;;;;10022;14;;;;;10012.5;0.0
99;28300;INTARIAN_PEPPER_ROOT;12045;13;;;;;12061;5;;;;;12053.0;0.0
99;28400;ASH_COATED_OSMIUM;10006;20;10005;11;;;10024;12;10025;17;;;10015.0;0.0
99;28400;INTARIAN_PEPPER_ROOT;12052;5;;;;;12057;12;;;;;12054.5;0.0
99;28500;ASH_COATED_OSMIUM;10010;8;10009;14;;;10026;13;10029;13;;;10018.0;0.0
99;28500;INTARIAN_PEPPER_ROOT;12050;14;12049;13;;;12063;8;12065;12;;;12056.5;0.0
99;28600;ASH_COATED_OSMIUM;10007;15;10005;15;;;10028;6;10029;23;;;10017.5;0.0
99;28600;INTARIAN_PEPPER_ROOT;12051;5;;;;;12064;17;;;;;12057.5;0.0
99;28700;ASH_COATED_OSMIUM;10012;14;;;;;10031;10;;;;;10021.5;0.0
99;28700;INTARIAN_PEPPER_ROOT;12051;14;12049;21;;;12065;20;12068;18;;;12058.0;0.0
99;28800;ASH_COATED_OSMIUM;10012;3;;;;;10028;15;;;;;10020.0;0.0
99;28800;INTARIAN_PEPPER_ROOT;12051;16;12049;21;;;12064;16;12066;25;;;12057.5;0.0
99;28900;ASH_COATED_OSMIUM;10007;6;10004;17;;;10028;18;10029;21;;;10017.5;0.0
99;28900;INTARIAN_PEPPER_ROOT;12050;8;12049;10;;;12064;6;12065;15;;;12057.0;0.0
99;29000;ASH_COATED_OSMIUM;10006;13;10005;12;;;10027;17;10028;21;;;10016.5;0.0
99;29000;INTARIAN_PEPPER_ROOT;12049;11;12047;17;;;12063;12;12065;17;;;12056.0;0.0
99;29100;ASH_COATED_OSMIUM;10008;18;10006;25;;;10026;15;10027;28;;;10017.0;0.0
99;29100;INTARIAN_PEPPER_ROOT;12046;7;12044;19;;;12063;5;12065;16;;;12054.5;0.0
99;29200;ASH_COATED_OSMIUM;10008;12;10007;20;;;10024;3;10025;15;;;10016.0;0.0
99;29200;INTARIAN_PEPPER_ROOT;12046;10;12044;12;;;12059;10;12061;25;;;12052.5;0.0
99;29300;ASH_COATED_OSMIUM;10007;18;10004;29;;;10026;3;10027;23;;;10016.5;0.0
99;29300;INTARIAN_PEPPER_ROOT;12045;12;;;;;12058;14;;;;;12051.5;0.0
99;29400;ASH_COATED_OSMIUM;10007;20;10005;17;;;10028;20;10030;13;;;10017.5;0.0
99;29400;INTARIAN_PEPPER_ROOT;12044;7;;;;;12058;13;;;;;12051.0;0.0
99;29500;ASH_COATED_OSMIUM;10004;18;10003;30;;;10020;9;10021;19;;;10012.0;0.0
99;29500;INTARIAN_PEPPER_ROOT;12044;12;;;;;12060;13;;;;;12052.0;0.0
99;29600;ASH_COATED_OSMIUM;10000;18;9997;15;;;10018;11;10020;21;;;10009.0;0.0
99;29600;INTARIAN_PEPPER_ROOT;12047;6;12045;13;;;12063;8;12065;24;;;12055.0;0.0
99;29700;ASH_COATED_OSMIUM;9999;4;;;;;10015;7;;;;;10007.0;0.0
99;29700;INTARIAN_PEPPER_ROOT;12048;7;;;;;12065;14;;;;;12056.5;0.0
99;29800;ASH_COATED_OSMIUM;10003;10;10001;23;;;10014;20;10017;27;;;10008.5;0.0
99;29800;INTARIAN_PEPPER_ROOT;12048;16;;;;;12061;15;;;;;12054.5;0.0
99;29900;ASH_COATED_OSMIUM;10002;4;9999;29;;;10023;19;10026;14;;;10012.5;0.0
99;29900;INTARIAN_PEPPER_ROOT;12049;14;;;;;12062;9;;;;;12055.5;0.0
99;30000;ASH_COATED_OSMIUM;10003;9;10002;23;;;10019;7;10022;16;;;10011.0;0.0
99;30000;INTARIAN_PEPPER_ROOT;12050;17;;;;;12063;18;;;;;12056.5;0.0
99;30100;ASH_COATED_OSMIUM;9998;5;9995;18;;;10014;15;10016;26;;;10006.0;0.0
99;30100;INTARIAN_PEPPER_ROOT;12052;5;;;;;12065;8;;;;;12058.5;0.0
99;30200;ASH_COATED_OSMIUM;9993;16;9992;28;;;10012;6;10015;28;;;10002.5;0.0
99;30200;INTARIAN_PEPPER_ROOT;;;;;;;12065;16;;;;;12065;0.0
99;30300;ASH_COATED_OSMIUM;9999;14;9996;28;;;10018;16;10020;29;;;10008.5;0.0
99;30300;INTARIAN_PEPPER_ROOT;12050;10;12048;22;;;12066;20;12067;18;;;12058.0;0.0
99;30400;ASH_COATED_OSMIUM;9995;15;9993;17;;;10016;4;10019;11;;;10005.5;0.0
99;30400;INTARIAN_PEPPER_ROOT;12050;11;;;;;12066;17;;;;;12058.0;0.0
99;30500;ASH_COATED_OSMIUM;10008;18;;;;;10015;6;;;;;10011.5;0.0
99;30500;INTARIAN_PEPPER_ROOT;12050;15;12049;10;;;12066;18;12067;21;;;12058.0;0.0
99;30600;ASH_COATED_OSMIUM;10000;11;9999;24;;;10016;16;10017;16;;;10008.0;0.0
99;30600;INTARIAN_PEPPER_ROOT;12052;14;12049;22;;;12068;13;12071;17;;;12060.0;0.0
99;30700;ASH_COATED_OSMIUM;9997;5;;;;;10013;12;;;;;10005.0;0.0
99;30700;INTARIAN_PEPPER_ROOT;12053;20;12052;23;;;12067;18;12069;18;;;12060.0;0.0
99;30800;ASH_COATED_OSMIUM;9999;9;;;;;10015;9;;;;;10007.0;0.0
99;30800;INTARIAN_PEPPER_ROOT;12056;20;;;;;12070;8;;;;;12063.0;0.0
99;30900;ASH_COATED_OSMIUM;9991;15;;;;;10010;6;;;;;10000.5;0.0
99;30900;INTARIAN_PEPPER_ROOT;12057;7;12056;13;;;12070;10;12071;17;;;12063.5;0.0
99;31000;ASH_COATED_OSMIUM;9993;20;9991;12;;;10011;14;10014;19;;;10002.0;0.0
99;31000;INTARIAN_PEPPER_ROOT;12055;19;12052;21;;;12072;15;12075;19;;;12063.5;0.0
99;31100;ASH_COATED_OSMIUM;9997;3;;;;;10013;18;;;;;10005.0;0.0
99;31100;INTARIAN_PEPPER_ROOT;12058;15;12057;24;;;12071;8;12074;12;;;12064.5;0.0
99;31200;ASH_COATED_OSMIUM;;;;;;;10009;16;;;;;10009;0.0
99;31200;INTARIAN_PEPPER_ROOT;12056;9;;;;;12069;14;;;;;12062.5;0.0
99;31300;ASH_COATED_OSMIUM;9990;6;9987;27;;;10009;3;10011;30;;;9999.5;0.0
99;31300;INTARIAN_PEPPER_ROOT;12053;10;12050;19;;;12070;13;12073;24;;;12061.5;0.0
99;31400;ASH_COATED_OSMIUM;9992;11;;;;;10008;13;;;;;10000.0;0.0
99;31400;INTARIAN_PEPPER_ROOT;;;;;;;12069;16;;;;;12069;0.0
99;31500;ASH_COATED_OSMIUM;9990;15;;;;;10006;13;;;;;9998.0;0.0
99;31500;INTARIAN_PEPPER_ROOT;12053;7;12050;23;;;12066;17;12068;25;;;12059.5;0.0
99;31600;ASH_COATED_OSMIUM;9983;15;;;;;10001;15;;;;;9992.0;0.0
99;31600;INTARIAN_PEPPER_ROOT;12053;13;12050;15;;;12066;6;12068;13;;;12059.5;0.0
99;31700;ASH_COATED_OSMIUM;9987;18;9986;27;;;10008;14;10011;15;;;9997.5;0.0
99;31700;INTARIAN_PEPPER_ROOT;12053;11;12051;15;;;12066;10;12069;20;;;12059.5;0.0
99;31800;ASH_COATED_OSMIUM;9988;8;;;;;10007;13;;;;;9997.5;0.0
99;31800;INTARIAN_PEPPER_ROOT;12052;20;12050;15;;;12068;11;12070;15;;;12060.0;0.0
99;31900;ASH_COATED_OSMIUM;9989;12;;;;;10008;17;;;;;9998.5;0.0
99;31900;INTARIAN_PEPPER_ROOT;12053;15;12051;19;;;;;;;;;12053;0.0
99;32000;ASH_COATED_OSMIUM;9997;18;9994;26;;;10013;9;10015;19;;;10005.0;0.0
99;32000;INTARIAN_PEPPER_ROOT;12051;10;;;;;12068;15;;;;;12059.5;0.0
99;32100;ASH_COATED_OSMIUM;9997;7;;;;;10015;13;;;;;10006.0;0.0
99;32100;INTARIAN_PEPPER_ROOT;12053;6;;;;;12067;5;;;;;12060.0;0.0
99;32200;ASH_COATED_OSMIUM;10001;4;10000;28;;;10008;3;10009;15;;;10004.5;0.0
99;32200;INTARIAN_PEPPER_ROOT;12052;16;;;;;;;;;;;12052;0.0
99;32300;ASH_COATED_OSMIUM;9995;15;9994;21;;;10013;3;10016;10;;;10004.0;0.0
99;32300;INTARIAN_PEPPER_ROOT;12049;8;12047;15;;;12066;8;12069;14;;;12057.5;0.0
99;32400;ASH_COATED_OSMIUM;9995;10;;;;;;;;;;;9995;0.0
99;32400;INTARIAN_PEPPER_ROOT;12052;20;;;;;12066;20;;;;;12059.0;0.0
99;32500;ASH_COATED_OSMIUM;9997;12;;;;;10013;17;;;;;10005.0;0.0
99;32500;INTARIAN_PEPPER_ROOT;12052;19;;;;;12065;14;;;;;12058.5;0.0
99;32600;ASH_COATED_OSMIUM;9999;18;;;;;10015;14;;;;;10007.0;0.0
99;32600;INTARIAN_PEPPER_ROOT;12047;12;;;;;12061;15;;;;;12054.0;0.0
99;32700;ASH_COATED_OSMIUM;10008;3;10006;30;;;10014;19;10017;11;;;10011.0;0.0
99;32700;INTARIAN_PEPPER_ROOT;12048;8;12045;24;;;12062;13;12063;24;;;12055.0;0.0
99;32800;ASH_COATED_OSMIUM;9999;4;;;;;10018;6;;;;;10008.5;0.0
99;32800;INTARIAN_PEPPER_ROOT;12047;12;12044;22;;;12064;18;12066;15;;;12055.5;0.0
99;32900;ASH_COATED_OSMIUM;9996;3;9995;26;;;10017;12;10020;18;;;10006.5;0.0
99;32900;INTARIAN_PEPPER_ROOT;12048;17;12046;14;;;12065;20;12068;23;;;12056.5;0.0
99;33000;ASH_COATED_OSMIUM;9998;6;9997;16;;;10017;12;10019;29;;;10007.5;0.0
99;33000;INTARIAN_PEPPER_ROOT;12051;10;12050;15;;;12064;12;12066;14;;;12057.5;0.0
99;33100;ASH_COATED_OSMIUM;9999;20;;;;;10015;18;;;;;10007.0;0.0
99;33100;INTARIAN_PEPPER_ROOT;12051;8;12048;16;;;12064;14;12066;10;;;12057.5;0.0
99;33200;ASH_COATED_OSMIUM;10002;6;10001;12;;;;;;;;;10002;0.0
99;33200;INTARIAN_PEPPER_ROOT;12049;7;12046;18;;;12066;12;12067;19;;;12057.5;0.0
99;33300;ASH_COATED_OSMIUM;10000;4;9997;23;;;10016;12;10018;13;;;10008.0;0.0
99;33300;INTARIAN_PEPPER_ROOT;12048;10;12045;23;;;12062;5;12064;20;;;12055.0;0.0
99;33400;ASH_COATED_OSMIUM;9995;8;9993;18;;;10016;13;10019;12;;;10005.5;0.0
99;33400;INTARIAN_PEPPER_ROOT;12046;9;;;;;12060;16;;;;;12053.0;0.0
99;33500;ASH_COATED_OSMIUM;9994;18;9993;14;;;10015;16;10016;11;;;10004.5;0.0
99;33500;INTARIAN_PEPPER_ROOT;12046;9;;;;;12060;9;;;;;12053.0;0.0
99;33600;ASH_COATED_OSMIUM;9996;17;9994;10;;;10014;8;10017;14;;;10005.0;0.0
99;33600;INTARIAN_PEPPER_ROOT;12042;9;;;;;12059;8;;;;;12050.5;0.0
99;33700;ASH_COATED_OSMIUM;9991;19;;;;;10007;10;;;;;9999.0;0.0
99;33700;INTARIAN_PEPPER_ROOT;12045;20;;;;;12059;11;;;;;12052.0;0.0
99;33800;ASH_COATED_OSMIUM;9991;16;9988;30;;;10007;10;10010;22;;;9999.0;0.0
99;33800;INTARIAN_PEPPER_ROOT;12050;14;12049;24;;;12053;10;12056;14;;;12051.5;0.0
99;33900;ASH_COATED_OSMIUM;;;;;;;10012;18;;;;;10012;0.0
99;33900;INTARIAN_PEPPER_ROOT;12044;15;12043;15;;;12058;12;12059;17;;;12051.0;0.0
99;34000;ASH_COATED_OSMIUM;9989;19;9987;17;;;10005;10;10007;12;;;9997.0;0.0
99;34000;INTARIAN_PEPPER_ROOT;12040;8;12037;15;;;12057;7;12058;18;;;12048.5;0.0
99;34100;ASH_COATED_OSMIUM;9989;3;9988;27;;;10007;6;10010;10;;;9998.0;0.0
99;34100;INTARIAN_PEPPER_ROOT;12042;7;;;;;12056;13;;;;;12049.0;0.0
99;34200;ASH_COATED_OSMIUM;9985;20;;;;;10004;9;;;;;9994.5;0.0
99;34200;INTARIAN_PEPPER_ROOT;12039;15;12037;12;;;12056;18;12059;15;;;12047.5;0.0
99;34300;ASH_COATED_OSMIUM;9982;18;;;;;10001;14;;;;;9991.5;0.0
99;34300;INTARIAN_PEPPER_ROOT;12042;18;;;;;12056;14;;;;;12049.0;0.0
99;34400;ASH_COATED_OSMIUM;9986;12;9983;11;;;10007;20;10008;15;;;9996.5;0.0
99;34400;INTARIAN_PEPPER_ROOT;12038;19;;;;;12054;15;;;;;12046.0;0.0
99;34500;ASH_COATED_OSMIUM;9991;15;9990;20;;;10007;9;10010;13;;;9999.0;0.0
99;34500;INTARIAN_PEPPER_ROOT;12041;9;;;;;12055;12;;;;;12048.0;0.0
99;34600;ASH_COATED_OSMIUM;9992;17;;;;;9997;17;;;;;9994.5;0.0
99;34600;INTARIAN_PEPPER_ROOT;12042;9;;;;;12056;9;;;;;12049.0;0.0
99;34700;ASH_COATED_OSMIUM;9987;18;;;;;10006;19;;;;;9996.5;0.0
99;34700;INTARIAN_PEPPER_ROOT;12041;5;12038;17;;;12055;7;12056;20;;;12048.0;0.0
99;34800;ASH_COATED_OSMIUM;9992;15;9990;29;;;10008;13;10010;17;;;10000.0;0.0
99;34800;INTARIAN_PEPPER_ROOT;12047;8;12044;11;;;12051;9;12053;15;;;12049.0;0.0
99;34900;ASH_COATED_OSMIUM;9997;19;;;;;10018;12;;;;;10007.5;0.0
99;34900;INTARIAN_PEPPER_ROOT;12043;18;12041;11;;;12056;14;12059;14;;;12049.5;0.0
99;35000;ASH_COATED_OSMIUM;9997;9;9995;21;;;10013;9;10016;14;;;10005.0;0.0
99;35000;INTARIAN_PEPPER_ROOT;12042;5;;;;;;;;;;;12042;0.0
99;35100;ASH_COATED_OSMIUM;9993;14;9990;23;;;10009;20;10012;27;;;10001.0;0.0
99;35100;INTARIAN_PEPPER_ROOT;12041;7;;;;;12054;18;;;;;12047.5;0.0
99;35200;ASH_COATED_OSMIUM;9987;15;9986;18;;;10003;7;10004;15;;;9995.0;0.0
99;35200;INTARIAN_PEPPER_ROOT;12042;11;;;;;12056;10;;;;;12049.0;0.0
99;35300;ASH_COATED_OSMIUM;9990;4;;;;;9999;14;;;;;9994.5;0.0
99;35300;INTARIAN_PEPPER_ROOT;12037;19;;;;;12051;5;;;;;12044.0;0.0
99;35400;ASH_COATED_OSMIUM;9982;20;9979;11;;;10003;15;10005;22;;;9992.5;0.0
99;35400;INTARIAN_PEPPER_ROOT;12036;9;;;;;12050;5;;;;;12043.0;0.0
99;35500;ASH_COATED_OSMIUM;9993;9;;;;;;;;;;;9993;0.0
99;35500;INTARIAN_PEPPER_ROOT;12035;20;;;;;12049;15;;;;;12042.0;0.0
99;35600;ASH_COATED_OSMIUM;9989;9;9988;12;;;10008;9;10011;15;;;9998.5;0.0
99;35600;INTARIAN_PEPPER_ROOT;12035;17;;;;;12048;19;;;;;12041.5;0.0
99;35700;ASH_COATED_OSMIUM;9995;11;9992;11;;;10001;3;10002;14;;;9998.0;0.0
99;35700;INTARIAN_PEPPER_ROOT;12034;9;;;;;12051;13;;;;;12042.5;0.0
99;35800;ASH_COATED_OSMIUM;9986;12;;;;;10007;18;;;;;9996.5;0.0
99;35800;INTARIAN_PEPPER_ROOT;12031;5;12028;10;;;12047;10;12048;14;;;12039.0;0.0
99;35900;ASH_COATED_OSMIUM;9992;8;9990;21;;;10011;16;10012;17;;;10001.5;0.0
99;35900;INTARIAN_PEPPER_ROOT;12028;13;12025;11;;;12045;13;12047;25;;;12036.5;0.0
99;36000;ASH_COATED_OSMIUM;9994;19;;;;;10013;18;;;;;10003.5;0.0
99;36000;INTARIAN_PEPPER_ROOT;12031;16;12028;22;;;12044;8;12047;12;;;12037.5;0.0
99;36100;ASH_COATED_OSMIUM;9994;10;;;;;10013;4;;;;;10003.5;0.0
99;36100;INTARIAN_PEPPER_ROOT;12029;11;12027;16;;;12045;6;12047;17;;;12037.0;0.0
99;36200;ASH_COATED_OSMIUM;9994;12;;;;;10013;3;;;;;10003.5;0.0
99;36200;INTARIAN_PEPPER_ROOT;12028;11;;;;;12044;10;;;;;12036.0;0.0
99;36300;ASH_COATED_OSMIUM;9992;13;9991;27;;;10008;19;10009;27;;;10000.0;0.0
99;36300;INTARIAN_PEPPER_ROOT;12029;16;12026;22;;;12043;11;12046;21;;;12036.0;0.0
99;36400;ASH_COATED_OSMIUM;9994;16;;;;;10013;5;;;;;10003.5;0.0
99;36400;INTARIAN_PEPPER_ROOT;12029;15;12026;21;;;12042;20;12045;11;;;12035.5;0.0
99;36500;ASH_COATED_OSMIUM;9996;5;;;;;10005;10;;;;;10000.5;0.0
99;36500;INTARIAN_PEPPER_ROOT;12031;5;12030;15;;;12037;5;12038;17;;;12034.0;0.0
99;36600;ASH_COATED_OSMIUM;9992;6;9989;12;;;10010;20;10013;28;;;10001.0;0.0
99;36600;INTARIAN_PEPPER_ROOT;12024;9;12021;11;;;12040;19;12041;23;;;12032.0;0.0
99;36700;ASH_COATED_OSMIUM;9994;5;;;;;10013;12;;;;;10003.5;0.0
99;36700;INTARIAN_PEPPER_ROOT;12024;13;12021;10;;;12040;17;12043;19;;;12032.0;0.0
99;36800;ASH_COATED_OSMIUM;9991;10;;;;;10010;7;;;;;10000.5;0.0
99;36800;INTARIAN_PEPPER_ROOT;12024;9;12022;22;;;12040;6;12042;24;;;12032.0;0.0
99;36900;ASH_COATED_OSMIUM;9992;14;9989;13;;;10013;3;10014;11;;;10002.5;0.0
99;36900;INTARIAN_PEPPER_ROOT;12023;9;12020;19;;;12037;14;12038;18;;;12030.0;0.0
99;37000;ASH_COATED_OSMIUM;9990;14;9987;14;;;10011;9;10014;15;;;10000.5;0.0
99;37000;INTARIAN_PEPPER_ROOT;12024;15;;;;;12038;15;;;;;12031.0;0.0
99;37100;ASH_COATED_OSMIUM;9990;20;9989;12;;;10006;17;10008;18;;;9998.0;0.0
99;37100;INTARIAN_PEPPER_ROOT;12025;20;;;;;12039;19;;;;;12032.0;0.0
99;37200;ASH_COATED_OSMIUM;9989;10;9988;20;;;10005;6;10006;25;;;9997.0;0.0
99;37200;INTARIAN_PEPPER_ROOT;12027;14;;;;;;;;;;;12027;0.0
99;37300;ASH_COATED_OSMIUM;9987;16;9986;30;;;10003;8;10004;23;;;9995.0;0.0
99;37300;INTARIAN_PEPPER_ROOT;12030;15;;;;;12044;16;;;;;12037.0;0.0
99;37400;ASH_COATED_OSMIUM;9984;17;9982;27;;;10002;17;10004;13;;;9993.0;0.0
99;37400;INTARIAN_PEPPER_ROOT;12031;10;;;;;;;;;;;12031;0.0
99;37500;ASH_COATED_OSMIUM;9981;5;;;;;9997;5;;;;;9989.0;0.0
99;37500;INTARIAN_PEPPER_ROOT;12030;18;;;;;12043;15;;;;;12036.5;0.0
99;37600;ASH_COATED_OSMIUM;9976;9;9973;25;;;9995;4;9998;30;;;9985.5;0.0
99;37600;INTARIAN_PEPPER_ROOT;12028;11;;;;;12044;12;;;;;12036.0;0.0
99;37700;ASH_COATED_OSMIUM;9976;19;9974;10;;;9994;19;9997;17;;;9985.0;0.0
99;37700;INTARIAN_PEPPER_ROOT;12030;15;;;;;12043;20;;;;;12036.5;0.0
99;37800;ASH_COATED_OSMIUM;9977;7;9974;14;;;9996;17;9999;25;;;9986.5;0.0
99;37800;INTARIAN_PEPPER_ROOT;12026;10;;;;;12043;16;;;;;12034.5;0.0
99;37900;ASH_COATED_OSMIUM;9981;9;;;;;10002;19;;;;;9991.5;0.0
99;37900;INTARIAN_PEPPER_ROOT;12026;15;12024;15;;;12042;6;12043;20;;;12034.0;0.0
99;38000;ASH_COATED_OSMIUM;9983;13;;;;;10004;6;;;;;9993.5;0.0
99;38000;INTARIAN_PEPPER_ROOT;12034;19;;;;;12038;14;;;;;12036.0;0.0
99;38100;ASH_COATED_OSMIUM;9985;15;9984;18;;;10006;14;10009;22;;;9995.5;0.0
99;38100;INTARIAN_PEPPER_ROOT;12031;20;12028;21;;;12045;7;12047;18;;;12038.0;0.0
99;38200;ASH_COATED_OSMIUM;9983;18;;;;;9999;18;;;;;9991.0;0.0
99;38200;INTARIAN_PEPPER_ROOT;12029;19;12028;20;;;12043;20;12044;18;;;12036.0;0.0
99;38300;ASH_COATED_OSMIUM;9984;6;9982;13;;;10000;10;10003;25;;;9992.0;0.0
99;38300;INTARIAN_PEPPER_ROOT;12030;9;;;;;12047;20;;;;;12038.5;0.0
99;38400;ASH_COATED_OSMIUM;9984;3;9981;15;;;10002;10;10005;14;;;9993.0;0.0
99;38400;INTARIAN_PEPPER_ROOT;12030;18;;;;;12043;9;;;;;12036.5;0.0
99;38500;ASH_COATED_OSMIUM;9993;3;;;;;10001;12;;;;;9997.0;0.0
99;38500;INTARIAN_PEPPER_ROOT;12027;12;12025;14;;;12040;11;12043;18;;;12033.5;0.0
99;38600;ASH_COATED_OSMIUM;9990;16;;;;;10006;7;;;;;9998.0;0.0
99;38600;INTARIAN_PEPPER_ROOT;12026;17;12025;14;;;12042;9;12045;20;;;12034.0;0.0
99;38700;ASH_COATED_OSMIUM;9991;5;9990;10;;;10009;10;10010;16;;;10000.0;0.0
99;38700;INTARIAN_PEPPER_ROOT;12026;16;;;;;12042;7;;;;;12034.0;0.0
99;38800;ASH_COATED_OSMIUM;9994;6;9991;11;;;10013;8;10016;27;;;10003.5;0.0
99;38800;INTARIAN_PEPPER_ROOT;12027;10;;;;;12044;19;;;;;12035.5;0.0
99;38900;ASH_COATED_OSMIUM;9996;16;9995;26;;;10017;19;10020;23;;;10006.5;0.0
99;38900;INTARIAN_PEPPER_ROOT;12030;11;12027;11;;;12044;8;12047;21;;;12037.0;0.0
99;39000;ASH_COATED_OSMIUM;9999;6;9997;12;;;10018;16;10019;19;;;10008.5;0.0
99;39000;INTARIAN_PEPPER_ROOT;12029;20;12028;18;;;12046;13;12047;17;;;12037.5;0.0
99;39100;ASH_COATED_OSMIUM;10002;6;9999;20;;;;;;;;;10002;0.0
99;39100;INTARIAN_PEPPER_ROOT;12028;5;;;;;12045;5;;;;;12036.5;0.0
99;39200;ASH_COATED_OSMIUM;9996;16;9993;16;;;10015;14;10017;23;;;10005.5;0.0
99;39200;INTARIAN_PEPPER_ROOT;12025;19;12023;21;;;12041;5;12042;16;;;12033.0;0.0
99;39300;ASH_COATED_OSMIUM;9994;14;;;;;10013;15;;;;;10003.5;0.0
99;39300;INTARIAN_PEPPER_ROOT;12025;18;;;;;12041;11;;;;;12033.0;0.0
99;39400;ASH_COATED_OSMIUM;9992;8;9990;27;;;10013;6;10015;29;;;10002.5;0.0
99;39400;INTARIAN_PEPPER_ROOT;12024;18;12022;23;;;12040;15;12041;16;;;12032.0;0.0
99;39500;ASH_COATED_OSMIUM;;;;;;;10010;16;10011;12;;;10010;0.0
99;39500;INTARIAN_PEPPER_ROOT;12024;5;;;;;12038;10;;;;;12031.0;0.0
99;39600;ASH_COATED_OSMIUM;9990;19;;;;;10011;12;;;;;10000.5;0.0
99;39600;INTARIAN_PEPPER_ROOT;12024;16;12021;19;;;12037;12;12039;25;;;12030.5;0.0
99;39700;ASH_COATED_OSMIUM;9995;19;9992;26;;;10016;12;10019;17;;;10005.5;0.0
99;39700;INTARIAN_PEPPER_ROOT;12024;20;12021;15;;;12041;13;12043;24;;;12032.5;0.0
99;39800;ASH_COATED_OSMIUM;9996;5;;;;;10012;11;;;;;10004.0;0.0
99;39800;INTARIAN_PEPPER_ROOT;12027;19;;;;;12043;19;;;;;12035.0;0.0
99;39900;ASH_COATED_OSMIUM;9992;20;;;;;10008;12;;;;;10000.0;0.0
99;39900;INTARIAN_PEPPER_ROOT;;;;;;;12043;14;12046;11;;;12043;0.0
99;40000;ASH_COATED_OSMIUM;9995;9;;;;;10011;17;;;;;10003.0;0.0
99;40000;INTARIAN_PEPPER_ROOT;12031;6;12028;16;;;12045;18;12048;24;;;12038.0;0.0
99;40100;ASH_COATED_OSMIUM;9995;19;;;;;10011;11;;;;;10003.0;0.0
99;40100;INTARIAN_PEPPER_ROOT;12029;13;12027;12;;;12046;16;12047;16;;;12037.5;0.0
99;40200;ASH_COATED_OSMIUM;9996;18;;;;;10015;10;;;;;10005.5;0.0
99;40200;INTARIAN_PEPPER_ROOT;12029;13;;;;;12045;7;;;;;12037.0;0.0
99;40300;ASH_COATED_OSMIUM;;;;;;;10010;10;;;;;10010;0.0
99;40300;INTARIAN_PEPPER_ROOT;12030;15;12027;19;;;12043;14;12046;24;;;12036.5;0.0
99;40400;ASH_COATED_OSMIUM;9995;11;9993;20;;;10011;10;10014;12;;;10003.0;0.0
99;40400;INTARIAN_PEPPER_ROOT;12027;20;12024;25;;;12044;20;12045;12;;;12035.5;0.0
99;40500;ASH_COATED_OSMIUM;9994;9;;;;;10015;18;;;;;10004.5;0.0
99;40500;INTARIAN_PEPPER_ROOT;12029;7;12026;24;;;12043;5;12045;13;;;12036.0;0.0
99;40600;ASH_COATED_OSMIUM;9998;14;;;;;10014;7;;;;;10006.0;0.0
99;40600;INTARIAN_PEPPER_ROOT;12027;7;;;;;12044;7;;;;;12035.5;0.0
99;40700;ASH_COATED_OSMIUM;;;;;;;10021;14;10024;25;;;10021;0.0
99;40700;INTARIAN_PEPPER_ROOT;12027;5;12026;23;;;12040;15;12041;19;;;12033.5;0.0
99;40800;ASH_COATED_OSMIUM;10007;7;10005;27;;;10026;4;10028;11;;;10016.5;0.0
99;40800;INTARIAN_PEPPER_ROOT;12024;16;;;;;12041;6;;;;;12032.5;0.0
99;40900;ASH_COATED_OSMIUM;10003;13;10002;28;;;10021;3;10023;13;;;10012.0;0.0
99;40900;INTARIAN_PEPPER_ROOT;12024;15;12023;24;;;12040;14;12041;11;;;12032.0;0.0
99;41000;ASH_COATED_OSMIUM;10007;11;;;;;10023;18;;;;;10015.0;0.0
99;41000;INTARIAN_PEPPER_ROOT;12025;14;;;;;12038;14;;;;;12031.5;0.0
99;41100;ASH_COATED_OSMIUM;10007;11;10006;17;;;10025;17;10028;13;;;10016.0;0.0
99;41100;INTARIAN_PEPPER_ROOT;12021;8;12019;17;;;12035;12;12038;22;;;12028.0;0.0
99;41200;ASH_COATED_OSMIUM;10010;7;10009;23;;;10026;7;10027;25;;;10018.0;0.0
99;41200;INTARIAN_PEPPER_ROOT;12019;13;;;;;12035;15;;;;;12027.0;0.0
99;41300;ASH_COATED_OSMIUM;10013;20;10010;11;;;10029;4;10030;16;;;10021.0;0.0
99;41300;INTARIAN_PEPPER_ROOT;12020;11;12018;14;;;12037;16;12040;19;;;12028.5;0.0
99;41400;ASH_COATED_OSMIUM;10010;11;10007;21;;;10026;14;10028;10;;;10018.0;0.0
99;41400;INTARIAN_PEPPER_ROOT;12020;17;12018;16;;;;;;;;;12020;0.0
99;41500;ASH_COATED_OSMIUM;10006;8;10003;25;;;10025;12;10028;24;;;10015.5;0.0
99;41500;INTARIAN_PEPPER_ROOT;12021;11;12019;10;;;12035;14;12037;17;;;12028.0;0.0
99;41600;ASH_COATED_OSMIUM;10011;8;10008;22;;;10027;13;10030;12;;;10019.0;0.0
99;41600;INTARIAN_PEPPER_ROOT;12022;10;12021;12;;;;;;;;;12022;0.0
99;41700;ASH_COATED_OSMIUM;10008;11;;;;;10026;17;;;;;10017.0;0.0
99;41700;INTARIAN_PEPPER_ROOT;12021;18;;;;;12034;11;;;;;12027.5;0.0
99;41800;ASH_COATED_OSMIUM;10011;8;10010;18;;;10027;3;10030;12;;;10019.0;0.0
99;41800;INTARIAN_PEPPER_ROOT;12020;17;;;;;12033;19;;;;;12026.5;0.0
99;41900;ASH_COATED_OSMIUM;10008;19;10005;12;;;10026;5;10027;30;;;10017.0;0.0
99;41900;INTARIAN_PEPPER_ROOT;12020;5;;;;;12037;14;;;;;12028.5;0.0
99;42000;ASH_COATED_OSMIUM;10009;7;10008;11;;;10027;7;10028;21;;;10018.0;0.0
99;42000;INTARIAN_PEPPER_ROOT;12022;10;12019;21;;;12036;8;12037;15;;;12029.0;0.0
99;42100;ASH_COATED_OSMIUM;10007;7;10004;30;;;10025;20;10027;30;;;10016.0;0.0
99;42100;INTARIAN_PEPPER_ROOT;12021;13;12020;14;;;12037;19;12038;14;;;12029.0;0.0
99;42200;ASH_COATED_OSMIUM;10010;18;10009;19;;;10026;20;10028;21;;;10018.0;0.0
99;42200;INTARIAN_PEPPER_ROOT;12022;15;;;;;12038;8;;;;;12030.0;0.0
99;42300;ASH_COATED_OSMIUM;10010;18;10008;19;;;10026;20;10028;10;;;10018.0;0.0
99;42300;INTARIAN_PEPPER_ROOT;12024;14;12021;16;;;12041;13;12043;18;;;12032.5;0.0
99;42400;ASH_COATED_OSMIUM;10009;14;10006;22;;;10028;9;10030;17;;;10018.5;0.0
99;42400;INTARIAN_PEPPER_ROOT;12028;20;12026;15;;;12042;18;12044;11;;;12035.0;0.0
99;42500;ASH_COATED_OSMIUM;10010;19;10007;18;;;10026;11;10029;23;;;10018.0;0.0
99;42500;INTARIAN_PEPPER_ROOT;12029;17;12028;13;;;12043;20;12046;21;;;12036.0;0.0
99;42600;ASH_COATED_OSMIUM;10010;17;;;;;10018;11;;;;;10014.0;0.0
99;42600;INTARIAN_PEPPER_ROOT;12027;9;12025;25;;;12044;13;12046;14;;;12035.5;0.0
99;42700;ASH_COATED_OSMIUM;;;;;;;10021;7;;;;;10021;0.0
99;42700;INTARIAN_PEPPER_ROOT;12029;17;12026;21;;;12045;11;12048;10;;;12037.0;0.0
99;42800;ASH_COATED_OSMIUM;10007;16;;;;;10023;12;;;;;10015.0;0.0
99;42800;INTARIAN_PEPPER_ROOT;12032;7;12031;19;;;12045;8;12047;16;;;12038.5;0.0
99;42900;ASH_COATED_OSMIUM;10008;4;;;;;10014;11;;;;;10011.0;0.0
99;42900;INTARIAN_PEPPER_ROOT;12028;8;;;;;;;;;;;12028;0.0
99;43000;ASH_COATED_OSMIUM;10005;3;;;;;10023;6;;;;;10014.0;0.0
99;43000;INTARIAN_PEPPER_ROOT;12034;16;;;;;12038;18;;;;;12036.0;0.0
99;43100;ASH_COATED_OSMIUM;9997;6;;;;;10018;19;;;;;10007.5;0.0
99;43100;INTARIAN_PEPPER_ROOT;12029;11;;;;;12042;5;;;;;12035.5;0.0
99;43200;ASH_COATED_OSMIUM;10005;4;10003;30;;;10021;20;10023;19;;;10013.0;0.0
99;43200;INTARIAN_PEPPER_ROOT;12030;18;;;;;12044;7;;;;;12037.0;0.0
99;43300;ASH_COATED_OSMIUM;10009;3;;;;;10025;8;;;;;10017.0;0.0
99;43300;INTARIAN_PEPPER_ROOT;12029;10;12028;11;;;12045;13;12047;24;;;12037.0;0.0
99;43400;ASH_COATED_OSMIUM;10004;18;10003;15;;;10023;7;10024;25;;;10013.5;0.0
99;43400;INTARIAN_PEPPER_ROOT;12029;14;12026;25;;;12043;7;12045;14;;;12036.0;0.0
99;43500;ASH_COATED_OSMIUM;9997;7;;;;;10018;20;;;;;10007.5;0.0
99;43500;INTARIAN_PEPPER_ROOT;12033;18;;;;;12038;19;;;;;12035.5;0.0
99;43600;ASH_COATED_OSMIUM;9995;17;9993;14;;;10011;9;10013;18;;;10003.0;0.0
99;43600;INTARIAN_PEPPER_ROOT;12028;20;;;;;12042;16;;;;;12035.0;0.0
99;43700;ASH_COATED_OSMIUM;9992;20;9990;29;;;10008;14;10010;27;;;10000.0;0.0
99;43700;INTARIAN_PEPPER_ROOT;12029;18;;;;;12042;6;;;;;12035.5;0.0
99;43800;ASH_COATED_OSMIUM;9991;14;9988;22;;;10010;17;10013;15;;;10000.5;0.0
99;43800;INTARIAN_PEPPER_ROOT;12027;14;12024;12;;;12044;17;12047;13;;;12035.5;0.0
99;43900;ASH_COATED_OSMIUM;9988;15;9986;14;;;10007;9;10010;29;;;9997.5;0.0
99;43900;INTARIAN_PEPPER_ROOT;12028;11;12026;11;;;12042;12;12043;11;;;12035.0;0.0
99;44000;ASH_COATED_OSMIUM;9986;5;;;;;10007;4;;;;;9996.5;0.0
99;44000;INTARIAN_PEPPER_ROOT;12026;19;;;;;12040;12;;;;;12033.0;0.0
99;44100;ASH_COATED_OSMIUM;9989;18;9986;11;;;10007;19;10009;21;;;9998.0;0.0
99;44100;INTARIAN_PEPPER_ROOT;12021;11;12020;22;;;;;;;;;12021;0.0
99;44200;ASH_COATED_OSMIUM;;;;;;;10007;5;10008;27;;;10007;0.0
99;44200;INTARIAN_PEPPER_ROOT;12024;20;;;;;12041;16;;;;;12032.5;0.0
99;44300;ASH_COATED_OSMIUM;9991;4;;;;;10010;5;;;;;10000.5;0.0
99;44300;INTARIAN_PEPPER_ROOT;12022;12;;;;;12039;5;;;;;12030.5;0.0
99;44400;ASH_COATED_OSMIUM;9989;20;9986;17;;;10005;15;10008;28;;;9997.0;0.0
99;44400;INTARIAN_PEPPER_ROOT;12024;20;;;;;12037;20;;;;;12030.5;0.0
99;44500;ASH_COATED_OSMIUM;9991;17;;;;;10007;16;;;;;9999.0;0.0
99;44500;INTARIAN_PEPPER_ROOT;12021;15;;;;;12037;10;;;;;12029.0;0.0
99;44600;ASH_COATED_OSMIUM;9996;20;;;;;10012;17;;;;;10004.0;0.0
99;44600;INTARIAN_PEPPER_ROOT;12020;8;12019;12;;;12034;9;12035;23;;;12027.0;0.0
99;44700;ASH_COATED_OSMIUM;9983;13;9982;27;;;10004;10;10006;18;;;9993.5;0.0
99;44700;INTARIAN_PEPPER_ROOT;12020;19;12017;20;;;12037;19;12040;23;;;12028.5;0.0
99;44800;ASH_COATED_OSMIUM;9983;12;9981;19;;;;;;;;;9983;0.0
99;44800;INTARIAN_PEPPER_ROOT;12021;13;12019;20;;;12038;16;12041;20;;;12029.5;0.0
99;44900;ASH_COATED_OSMIUM;9980;20;9978;14;;;9999;7;10001;14;;;9989.5;0.0
99;44900;INTARIAN_PEPPER_ROOT;12023;17;;;;;12039;19;;;;;12031.0;0.0
99;45000;ASH_COATED_OSMIUM;9986;5;9985;12;;;10002;15;10005;20;;;9994.0;0.0
99;45000;INTARIAN_PEPPER_ROOT;12023;19;12021;10;;;12039;19;12040;25;;;12031.0;0.0
99;45100;ASH_COATED_OSMIUM;9987;12;;;;;10006;4;;;;;9996.5;0.0
99;45100;INTARIAN_PEPPER_ROOT;12023;19;;;;;12037;7;;;;;12030.0;0.0
99;45200;ASH_COATED_OSMIUM;9998;16;;;;;10005;16;;;;;10001.5;0.0
99;45200;INTARIAN_PEPPER_ROOT;12024;16;;;;;12037;13;;;;;12030.5;0.0
99;45300;ASH_COATED_OSMIUM;9992;15;9991;27;;;10013;4;10015;28;;;10002.5;0.0
99;45300;INTARIAN_PEPPER_ROOT;12021;20;12018;25;;;12037;15;12039;18;;;12029.0;0.0
99;45400;ASH_COATED_OSMIUM;9987;15;;;;;10008;17;;;;;9997.5;0.0
99;45400;INTARIAN_PEPPER_ROOT;12023;12;;;;;12037;14;;;;;12030.0;0.0
99;45500;ASH_COATED_OSMIUM;9991;4;9990;26;;;10009;20;10011;23;;;10000.0;0.0
99;45500;INTARIAN_PEPPER_ROOT;12023;8;12022;17;;;12036;10;12038;13;;;12029.5;0.0
99;45600;ASH_COATED_OSMIUM;9993;15;9990;17;;;10011;9;10014;17;;;10002.0;0.0
99;45600;INTARIAN_PEPPER_ROOT;12022;14;12019;10;;;12035;11;12036;13;;;12028.5;0.0
99;45700;ASH_COATED_OSMIUM;9993;14;9991;30;;;10011;14;10014;10;;;10002.0;0.0
99;45700;INTARIAN_PEPPER_ROOT;12019;14;;;;;12035;14;;;;;12027.0;0.0
99;45800;ASH_COATED_OSMIUM;9991;7;9990;21;;;10009;17;10010;14;;;10000.0;0.0
99;45800;INTARIAN_PEPPER_ROOT;12020;6;;;;;12033;10;;;;;12026.5;0.0
99;45900;ASH_COATED_OSMIUM;9995;12;9994;24;;;10006;3;10008;25;;;10000.5;0.0
99;45900;INTARIAN_PEPPER_ROOT;12021;16;12018;21;;;12035;6;12038;15;;;12028.0;0.0
99;46000;ASH_COATED_OSMIUM;9990;18;;;;;10009;7;;;;;9999.5;0.0
99;46000;INTARIAN_PEPPER_ROOT;12018;13;;;;;12035;12;;;;;12026.5;0.0
99;46100;ASH_COATED_OSMIUM;9987;11;9986;22;;;10003;4;10004;18;;;9995.0;0.0
99;46100;INTARIAN_PEPPER_ROOT;12019;10;;;;;12033;12;;;;;12026.0;0.0
99;46200;ASH_COATED_OSMIUM;9991;15;;;;;10007;10;;;;;9999.0;0.0
99;46200;INTARIAN_PEPPER_ROOT;12020;5;12017;11;;;12033;19;12034;10;;;12026.5;0.0
99;46300;ASH_COATED_OSMIUM;9990;19;9987;11;;;10006;17;10007;17;;;9998.0;0.0
99;46300;INTARIAN_PEPPER_ROOT;12017;12;12016;25;;;;;;;;;12017;0.0
99;46400;ASH_COATED_OSMIUM;9983;14;9981;26;;;9999;14;10000;18;;;9991.0;0.0
99;46400;INTARIAN_PEPPER_ROOT;12021;20;;;;;12034;20;;;;;12027.5;0.0
99;46500;ASH_COATED_OSMIUM;9978;11;9976;14;;;;;;;;;9978;0.0
99;46500;INTARIAN_PEPPER_ROOT;12020;5;12019;12;;;12033;20;12035;10;;;12026.5;0.0
99;46600;ASH_COATED_OSMIUM;9973;10;9972;19;;;9994;16;9996;29;;;9983.5;0.0
99;46600;INTARIAN_PEPPER_ROOT;12019;8;12017;14;;;12033;5;12034;10;;;12026.0;0.0
99;46700;ASH_COATED_OSMIUM;9974;12;;;;;9990;19;;;;;9982.0;0.0
99;46700;INTARIAN_PEPPER_ROOT;12015;17;12012;11;;;12029;9;12030;17;;;12022.0;0.0
99;46800;ASH_COATED_OSMIUM;9972;8;9969;13;;;9991;13;9994;15;;;9981.5;0.0
99;46800;INTARIAN_PEPPER_ROOT;12015;17;12014;25;;;12029;13;12032;23;;;12022.0;0.0
99;46900;ASH_COATED_OSMIUM;9976;12;;;;;9994;17;;;;;9985.0;0.0
99;46900;INTARIAN_PEPPER_ROOT;12016;11;;;;;12032;13;;;;;12024.0;0.0
99;47000;ASH_COATED_OSMIUM;9974;6;9971;18;;;9990;7;9993;29;;;9982.0;0.0
99;47000;INTARIAN_PEPPER_ROOT;12015;17;;;;;12031;11;;;;;12023.0;0.0
99;47100;ASH_COATED_OSMIUM;9974;7;;;;;9992;19;;;;;9983.0;0.0
99;47100;INTARIAN_PEPPER_ROOT;12018;10;12015;24;;;12032;6;12034;11;;;12025.0;0.0
99;47200;ASH_COATED_OSMIUM;9976;7;9975;10;;;9994;8;9996;18;;;9985.0;0.0
99;47200;INTARIAN_PEPPER_ROOT;12020;20;;;;;12034;18;;;;;12027.0;0.0
99;47300;ASH_COATED_OSMIUM;9977;18;;;;;9995;13;;;;;9986.0;0.0
99;47300;INTARIAN_PEPPER_ROOT;12018;11;12016;12;;;12034;17;12036;19;;;12026.0;0.0
99;47400;ASH_COATED_OSMIUM;9982;13;9979;29;;;10000;15;10003;27;;;9991.0;0.0
99;47400;INTARIAN_PEPPER_ROOT;12016;15;12013;10;;;12033;12;12034;14;;;12024.5;0.0
99;47500;ASH_COATED_OSMIUM;9987;10;9984;27;;;10003;19;10004;22;;;9995.0;0.0
99;47500;INTARIAN_PEPPER_ROOT;12017;14;12015;18;;;12031;10;12032;24;;;12024.0;0.0
99;47600;ASH_COATED_OSMIUM;9982;12;9980;29;;;10000;12;10002;11;;;9991.0;0.0
99;47600;INTARIAN_PEPPER_ROOT;12014;16;;;;;12028;16;;;;;12021.0;0.0
99;47700;ASH_COATED_OSMIUM;9986;20;9984;10;;;10002;7;10004;15;;;9994.0;0.0
99;47700;INTARIAN_PEPPER_ROOT;12014;6;12012;12;;;12028;16;12031;12;;;12021.0;0.0
99;47800;ASH_COATED_OSMIUM;9985;11;;;;;10001;13;;;;;9993.0;0.0
99;47800;INTARIAN_PEPPER_ROOT;12014;16;;;;;12028;10;;;;;12021.0;0.0
99;47900;ASH_COATED_OSMIUM;9986;5;;;;;10002;19;;;;;9994.0;0.0
99;47900;INTARIAN_PEPPER_ROOT;12014;19;;;;;12027;12;;;;;12020.5;0.0
99;48000;ASH_COATED_OSMIUM;9980;15;;;;;9999;4;;;;;9989.5;0.0
99;48000;INTARIAN_PEPPER_ROOT;12013;16;;;;;12026;6;;;;;12019.5;0.0
99;48100;ASH_COATED_OSMIUM;9975;4;9972;19;;;9996;16;9998;30;;;9985.5;0.0
99;48100;INTARIAN_PEPPER_ROOT;12011;5;;;;;12027;15;;;;;12019.0;0.0
99;48200;ASH_COATED_OSMIUM;9976;3;9974;10;;;;;;;;;9976;0.0
99;48200;INTARIAN_PEPPER_ROOT;12010;19;12007;25;;;12024;15;12026;20;;;12017.0;0.0
99;48300;ASH_COATED_OSMIUM;9975;3;;;;;9994;10;;;;;9984.5;0.0
99;48300;INTARIAN_PEPPER_ROOT;12010;20;12008;24;;;12023;11;12024;25;;;12016.5;0.0
99;48400;ASH_COATED_OSMIUM;9981;7;;;;;9997;4;;;;;9989.0;0.0
99;48400;INTARIAN_PEPPER_ROOT;12011;14;;;;;12025;6;;;;;12018.0;0.0
99;48500;ASH_COATED_OSMIUM;9981;20;;;;;9997;8;;;;;9989.0;0.0
99;48500;INTARIAN_PEPPER_ROOT;;;;;;;12022;16;12024;24;;;12022;0.0
99;48600;ASH_COATED_OSMIUM;;;;;;;9998;15;;;;;9998;0.0
99;48600;INTARIAN_PEPPER_ROOT;12009;12;;;;;12023;12;;;;;12016.0;0.0
99;48700;ASH_COATED_OSMIUM;9983;19;9980;29;;;9999;16;10000;11;;;9991.0;0.0
99;48700;INTARIAN_PEPPER_ROOT;12009;20;;;;;12025;8;;;;;12017.0;0.0
99;48800;ASH_COATED_OSMIUM;9981;12;9979;26;;;9999;16;10001;28;;;9990.0;0.0
99;48800;INTARIAN_PEPPER_ROOT;12009;12;12007;14;;;12023;7;12024;10;;;12016.0;0.0
99;48900;ASH_COATED_OSMIUM;9980;8;;;;;9998;10;;;;;9989.0;0.0
99;48900;INTARIAN_PEPPER_ROOT;12009;19;12008;25;;;12023;7;12026;12;;;12016.0;0.0
99;49000;ASH_COATED_OSMIUM;;;;;;;9993;16;9995;30;;;9993;0.0
99;49000;INTARIAN_PEPPER_ROOT;12008;12;;;;;12024;8;;;;;12016.0;0.0
99;49100;ASH_COATED_OSMIUM;9979;13;9977;22;;;9998;3;10000;28;;;9988.5;0.0
99;49100;INTARIAN_PEPPER_ROOT;12008;6;12005;22;;;12025;16;12027;19;;;12016.5;0.0
99;49200;ASH_COATED_OSMIUM;9981;18;;;;;9988;18;;;;;9984.5;0.0
99;49200;INTARIAN_PEPPER_ROOT;12008;16;;;;;12021;9;;;;;12014.5;0.0
99;49300;ASH_COATED_OSMIUM;9972;4;9969;20;;;9990;19;9993;27;;;9981.0;0.0
99;49300;INTARIAN_PEPPER_ROOT;12007;8;;;;;12020;8;;;;;12013.5;0.0
99;49400;ASH_COATED_OSMIUM;9974;5;9973;22;;;9990;7;9992;30;;;9982.0;0.0
99;49400;INTARIAN_PEPPER_ROOT;12008;11;;;;;12021;18;;;;;12014.5;0.0
99;49500;ASH_COATED_OSMIUM;9976;13;9975;17;;;9992;4;9994;21;;;9984.0;0.0
99;49500;INTARIAN_PEPPER_ROOT;12006;12;12004;22;;;12022;14;12024;16;;;12014.0;0.0
99;49600;ASH_COATED_OSMIUM;9980;14;;;;;9996;4;;;;;9988.0;0.0
99;49600;INTARIAN_PEPPER_ROOT;12005;13;12003;20;;;12018;18;12020;23;;;12011.5;0.0
99;49700;ASH_COATED_OSMIUM;9979;19;;;;;9997;12;;;;;9988.0;0.0
99;49700;INTARIAN_PEPPER_ROOT;12005;16;12003;13;;;12019;12;12021;15;;;12012.0;0.0
99;49800;ASH_COATED_OSMIUM;9978;7;;;;;9999;9;;;;;9988.5;0.0
99;49800;INTARIAN_PEPPER_ROOT;12003;11;;;;;12019;19;;;;;12011.0;0.0
99;49900;ASH_COATED_OSMIUM;9983;5;9982;26;;;9992;13;9993;19;;;9987.5;0.0
99;49900;INTARIAN_PEPPER_ROOT;12002;19;;;;;12018;20;;;;;12010.0;0.0
99;50000;ASH_COATED_OSMIUM;9976;17;9975;13;;;9992;6;9994;10;;;9984.0;0.0
99;50000;INTARIAN_PEPPER_ROOT;;;;;;;12019;14;12021;14;;;12019;0.0
99;50100;ASH_COATED_OSMIUM;9973;12;9971;20;;;9994;10;9997;27;;;9983.5;0.0
99;50100;INTARIAN_PEPPER_ROOT;12004;13;;;;;12017;16;;;;;12010.5;0.0
99;50200;ASH_COATED_OSMIUM;9975;15;9973;29;;;9991;4;9992;28;;;9983.0;0.0
99;50200;INTARIAN_PEPPER_ROOT;12002;18;12001;12;;;12015;10;12018;14;;;12008.5;0.0
99;50300;ASH_COATED_OSMIUM;9972;20;;;;;9993;5;;;;;9982.5;0.0
99;50300;INTARIAN_PEPPER_ROOT;12000;5;11999;13;;;12014;8;12016;19;;;12007.0;0.0
99;50400;ASH_COATED_OSMIUM;9969;17;9966;24;;;9990;6;9993;25;;;9979.5;0.0
99;50400;INTARIAN_PEPPER_ROOT;12000;18;;;;;12014;7;;;;;12007.0;0.0
99;50500;ASH_COATED_OSMIUM;9971;13;9970;25;;;9992;13;9993;13;;;9981.5;0.0
99;50500;INTARIAN_PEPPER_ROOT;12002;12;11999;16;;;12015;8;12018;23;;;12008.5;0.0
99;50600;ASH_COATED_OSMIUM;9978;7;9975;20;;;9997;19;9998;27;;;9987.5;0.0
99;50600;INTARIAN_PEPPER_ROOT;11999;19;11998;13;;;12016;11;12018;18;;;12007.5;0.0
99;50700;ASH_COATED_OSMIUM;9979;8;9977;28;;;9998;18;9999;23;;;9988.5;0.0
99;50700;INTARIAN_PEPPER_ROOT;12002;14;11999;20;;;12019;17;12022;21;;;12010.5;0.0
99;50800;ASH_COATED_OSMIUM;9977;8;;;;;9993;5;;;;;9985.0;0.0
99;50800;INTARIAN_PEPPER_ROOT;12001;7;11999;15;;;12017;12;12019;11;;;12009.0;0.0
99;50900;ASH_COATED_OSMIUM;9977;8;;;;;9995;12;;;;;9986.0;0.0
99;50900;INTARIAN_PEPPER_ROOT;12001;19;;;;;12015;17;;;;;12008.0;0.0
99;51000;ASH_COATED_OSMIUM;9976;13;9975;16;;;9994;18;9995;14;;;9985.0;0.0
99;51000;INTARIAN_PEPPER_ROOT;11999;19;;;;;12012;7;;;;;12005.5;0.0
99;51100;ASH_COATED_OSMIUM;9985;12;9983;16;;;9994;15;9995;20;;;9989.5;0.0
99;51100;INTARIAN_PEPPER_ROOT;12000;19;;;;;12016;18;;;;;12008.0;0.0
99;51200;ASH_COATED_OSMIUM;9978;14;9975;22;;;9996;5;9999;14;;;9987.0;0.0
99;51200;INTARIAN_PEPPER_ROOT;12000;14;11997;24;;;12013;12;12016;15;;;12006.5;0.0
99;51300;ASH_COATED_OSMIUM;;;;;;;10001;12;;;;;10001;0.0
99;51300;INTARIAN_PEPPER_ROOT;11999;9;11998;16;;;12015;7;12018;16;;;12007.0;0.0
99;51400;ASH_COATED_OSMIUM;9987;15;9986;15;;;10005;15;10008;25;;;9996.0;0.0
99;51400;INTARIAN_PEPPER_ROOT;11997;18;11995;20;;;12013;20;12014;19;;;12005.0;0.0
99;51500;ASH_COATED_OSMIUM;9980;7;9977;14;;;10001;7;10002;25;;;9990.5;0.0
99;51500;INTARIAN_PEPPER_ROOT;12001;17;;;;;12017;5;;;;;12009.0;0.0
99;51600;ASH_COATED_OSMIUM;9980;17;9978;23;;;9998;16;10001;27;;;9989.0;0.0
99;51600;INTARIAN_PEPPER_ROOT;12003;19;12002;18;;;;;;;;;12003;0.0
99;51700;ASH_COATED_OSMIUM;;;;;;;9998;19;10001;11;;;9998;0.0
99;51700;INTARIAN_PEPPER_ROOT;12002;18;;;;;12018;10;;;;;12010.0;0.0
99;51800;ASH_COATED_OSMIUM;9980;5;;;;;9998;7;;;;;9989.0;0.0
99;51800;INTARIAN_PEPPER_ROOT;12002;12;11999;14;;;12015;5;12016;12;;;12008.5;0.0
99;51900;ASH_COATED_OSMIUM;9983;5;9980;12;;;10002;10;10005;30;;;9992.5;0.0
99;51900;INTARIAN_PEPPER_ROOT;11999;7;;;;;12016;7;;;;;12007.5;0.0
99;52000;ASH_COATED_OSMIUM;9979;3;9977;20;;;9998;18;10001;23;;;9988.5;0.0
99;52000;INTARIAN_PEPPER_ROOT;12002;14;12000;10;;;12018;19;12019;19;;;12010.0;0.0
99;52100;ASH_COATED_OSMIUM;9983;11;9980;28;;;9999;4;10000;11;;;9991.0;0.0
99;52100;INTARIAN_PEPPER_ROOT;12004;12;;;;;12018;18;;;;;12011.0;0.0
99;52200;ASH_COATED_OSMIUM;9982;5;9980;14;;;;;;;;;9982;0.0
99;52200;INTARIAN_PEPPER_ROOT;12003;20;12000;17;;;12017;16;12020;17;;;12010.0;0.0
99;52300;ASH_COATED_OSMIUM;9984;17;;;;;10000;14;;;;;9992.0;0.0
99;52300;INTARIAN_PEPPER_ROOT;12004;7;12003;10;;;12018;5;12020;18;;;12011.0;0.0
99;52400;ASH_COATED_OSMIUM;9983;13;;;;;9999;5;;;;;9991.0;0.0
99;52400;INTARIAN_PEPPER_ROOT;12004;10;;;;;12020;17;;;;;12012.0;0.0
99;52500;ASH_COATED_OSMIUM;9983;17;9980;11;;;10004;8;10006;30;;;9993.5;0.0
99;52500;INTARIAN_PEPPER_ROOT;12004;5;;;;;12021;8;;;;;12012.5;0.0
99;52600;ASH_COATED_OSMIUM;9980;12;;;;;9998;18;;;;;9989.0;0.0
99;52600;INTARIAN_PEPPER_ROOT;12003;11;;;;;12019;9;;;;;12011.0;0.0
99;52700;ASH_COATED_OSMIUM;9977;3;;;;;9995;12;;;;;9986.0;0.0
99;52700;INTARIAN_PEPPER_ROOT;12004;11;12001;13;;;12017;8;12020;22;;;12010.5;0.0
99;52800;ASH_COATED_OSMIUM;9978;6;9976;30;;;9994;20;9997;18;;;9986.0;0.0
99;52800;INTARIAN_PEPPER_ROOT;12003;7;;;;;12017;6;;;;;12010.0;0.0
99;52900;ASH_COATED_OSMIUM;9976;10;9973;15;;;9997;9;10000;20;;;9986.5;0.0
99;52900;INTARIAN_PEPPER_ROOT;12004;15;12001;20;;;12018;10;12019;12;;;12011.0;0.0
99;53000;ASH_COATED_OSMIUM;9980;19;;;;;;;;;;;9980;0.0
99;53000;INTARIAN_PEPPER_ROOT;12002;5;;;;;12019;13;;;;;12010.5;0.0
99;53100;ASH_COATED_OSMIUM;9983;9;;;;;9992;6;;;;;9987.5;0.0
99;53100;INTARIAN_PEPPER_ROOT;12004;9;12001;22;;;12020;12;12022;22;;;12012.0;0.0
99;53200;ASH_COATED_OSMIUM;9975;8;;;;;9996;6;;;;;9985.5;0.0
99;53200;INTARIAN_PEPPER_ROOT;12005;8;;;;;12021;15;;;;;12013.0;0.0
99;53300;ASH_COATED_OSMIUM;9970;13;9969;11;;;9988;11;9990;22;;;9979.0;0.0
99;53300;INTARIAN_PEPPER_ROOT;12004;8;12002;23;;;12018;12;12019;15;;;12011.0;0.0
99;53400;ASH_COATED_OSMIUM;9973;17;9972;22;;;9989;5;9992;15;;;9981.0;0.0
99;53400;INTARIAN_PEPPER_ROOT;12004;13;;;;;12017;6;;;;;12010.5;0.0
99;53500;ASH_COATED_OSMIUM;9975;11;9974;18;;;9993;6;9996;24;;;9984.0;0.0
99;53500;INTARIAN_PEPPER_ROOT;12006;17;12004;12;;;12022;20;12025;15;;;12014.0;0.0
99;53600;ASH_COATED_OSMIUM;9976;13;9973;25;;;9997;15;10000;25;;;9986.5;0.0
99;53600;INTARIAN_PEPPER_ROOT;12006;6;12004;20;;;12022;12;12025;18;;;12014.0;0.0
99;53700;ASH_COATED_OSMIUM;9980;18;9978;19;;;;;;;;;9980;0.0
99;53700;INTARIAN_PEPPER_ROOT;12006;12;;;;;12020;18;;;;;12013.0;0.0
99;53800;ASH_COATED_OSMIUM;9978;5;;;;;9994;17;;;;;9986.0;0.0
99;53800;INTARIAN_PEPPER_ROOT;12007;10;12005;21;;;12021;6;12022;25;;;12014.0;0.0
99;53900;ASH_COATED_OSMIUM;9978;6;9975;16;;;9996;14;9998;14;;;9987.0;0.0
99;53900;INTARIAN_PEPPER_ROOT;12009;10;12006;20;;;12022;18;12024;17;;;12015.5;0.0
99;54000;ASH_COATED_OSMIUM;9983;18;;;;;9999;20;;;;;9991.0;0.0
99;54000;INTARIAN_PEPPER_ROOT;12010;11;12008;18;;;12023;15;12025;12;;;12016.5;0.0
99;54100;ASH_COATED_OSMIUM;9983;6;;;;;10001;9;;;;;9992.0;0.0
99;54100;INTARIAN_PEPPER_ROOT;12005;17;;;;;12019;17;;;;;12012.0;0.0
99;54200;ASH_COATED_OSMIUM;9984;10;9983;30;;;10000;5;10002;10;;;9992.0;0.0
99;54200;INTARIAN_PEPPER_ROOT;12004;8;12001;14;;;12021;14;12023;16;;;12012.5;0.0
99;54300;ASH_COATED_OSMIUM;9985;12;9984;12;;;10001;6;10004;13;;;9993.0;0.0
99;54300;INTARIAN_PEPPER_ROOT;12005;7;12002;25;;;12019;13;12022;10;;;12012.0;0.0
99;54400;ASH_COATED_OSMIUM;9985;16;;;;;10001;13;;;;;9993.0;0.0
99;54400;INTARIAN_PEPPER_ROOT;12006;11;;;;;12019;20;;;;;12012.5;0.0
99;54500;ASH_COATED_OSMIUM;9984;4;9983;14;;;10000;8;10002;23;;;9992.0;0.0
99;54500;INTARIAN_PEPPER_ROOT;12005;10;12003;23;;;12021;7;12024;20;;;12013.0;0.0
99;54600;ASH_COATED_OSMIUM;9980;4;9977;22;;;9999;7;10002;15;;;9989.5;0.0
99;54600;INTARIAN_PEPPER_ROOT;12007;11;12005;21;;;12021;19;12022;22;;;12014.0;0.0
99;54700;ASH_COATED_OSMIUM;9986;18;9983;26;;;10007;7;10009;24;;;9996.5;0.0
99;54700;INTARIAN_PEPPER_ROOT;12005;11;12002;10;;;12019;18;12022;19;;;12012.0;0.0
99;54800;ASH_COATED_OSMIUM;9989;18;9987;23;;;;;;;;;9989;0.0
99;54800;INTARIAN_PEPPER_ROOT;12011;10;;;;;12015;15;;;;;12013.0;0.0
99;54900;ASH_COATED_OSMIUM;9991;19;9988;16;;;10010;10;10013;18;;;10000.5;0.0
99;54900;INTARIAN_PEPPER_ROOT;12003;20;;;;;12017;9;;;;;12010.0;0.0
99;55000;ASH_COATED_OSMIUM;9999;18;9998;30;;;10017;8;10018;21;;;10008.0;0.0
99;55000;INTARIAN_PEPPER_ROOT;12003;8;;;;;12016;6;;;;;12009.5;0.0
99;55100;ASH_COATED_OSMIUM;9995;4;9994;26;;;10016;20;10018;13;;;10005.5;0.0
99;55100;INTARIAN_PEPPER_ROOT;12003;20;12000;14;;;12019;6;12021;24;;;12011.0;0.0
99;55200;ASH_COATED_OSMIUM;9998;9;9997;17;;;10016;13;10018;13;;;10007.0;0.0
99;55200;INTARIAN_PEPPER_ROOT;12003;14;12002;22;;;12017;7;12018;21;;;12010.0;0.0
99;55300;ASH_COATED_OSMIUM;9997;16;9994;15;;;10013;7;10015;22;;;10005.0;0.0
99;55300;INTARIAN_PEPPER_ROOT;12003;12;12002;17;;;12016;20;12018;16;;;12009.5;0.0
99;55400;ASH_COATED_OSMIUM;9998;9;9995;11;;;10014;13;10017;18;;;10006.0;0.0
99;55400;INTARIAN_PEPPER_ROOT;12004;9;;;;;12017;7;;;;;12010.5;0.0
99;55500;ASH_COATED_OSMIUM;9998;8;9995;12;;;10017;8;10018;23;;;10007.5;0.0
99;55500;INTARIAN_PEPPER_ROOT;12002;5;11999;21;;;12019;6;12020;23;;;12010.5;0.0
99;55600;ASH_COATED_OSMIUM;9996;11;;;;;10014;3;;;;;10005.0;0.0
99;55600;INTARIAN_PEPPER_ROOT;12009;10;;;;;12012;7;;;;;12010.5;0.0
99;55700;ASH_COATED_OSMIUM;9997;3;;;;;10013;16;;;;;10005.0;0.0
99;55700;INTARIAN_PEPPER_ROOT;12007;8;;;;;12021;17;;;;;12014.0;0.0
99;55800;ASH_COATED_OSMIUM;9998;15;;;;;;;;;;;9998;0.0
99;55800;INTARIAN_PEPPER_ROOT;12006;8;;;;;12023;15;;;;;12014.5;0.0
99;55900;ASH_COATED_OSMIUM;10006;9;10005;12;;;10014;7;10017;10;;;10010.0;0.0
99;55900;INTARIAN_PEPPER_ROOT;12009;12;;;;;12022;9;;;;;12015.5;0.0
99;56000;ASH_COATED_OSMIUM;10001;3;10000;22;;;10022;17;10025;15;;;10011.5;0.0
99;56000;INTARIAN_PEPPER_ROOT;12007;8;12005;14;;;12024;8;12025;21;;;12015.5;0.0
99;56100;ASH_COATED_OSMIUM;9999;13;9997;29;;;10020;19;10022;27;;;10009.5;0.0
99;56100;INTARIAN_PEPPER_ROOT;12006;19;12005;15;;;12020;15;12022;24;;;12013.0;0.0
99;56200;ASH_COATED_OSMIUM;10004;4;;;;;10020;19;;;;;10012.0;0.0
99;56200;INTARIAN_PEPPER_ROOT;12005;6;12004;19;;;12018;15;12019;10;;;12011.5;0.0
99;56300;ASH_COATED_OSMIUM;10004;20;10003;20;;;10020;5;10021;17;;;10012.0;0.0
99;56300;INTARIAN_PEPPER_ROOT;12003;9;12002;16;;;12017;18;12020;12;;;12010.0;0.0
99;56400;ASH_COATED_OSMIUM;10001;9;9999;23;;;10022;10;10025;18;;;10011.5;0.0
99;56400;INTARIAN_PEPPER_ROOT;12003;14;12002;16;;;12017;5;12020;16;;;12010.0;0.0
99;56500;ASH_COATED_OSMIUM;9999;20;9997;12;;;10018;12;10021;16;;;10008.5;0.0
99;56500;INTARIAN_PEPPER_ROOT;12001;16;;;;;12014;7;;;;;12007.5;0.0
99;56600;ASH_COATED_OSMIUM;10003;5;10002;14;;;10019;6;10022;25;;;10011.0;0.0
99;56600;INTARIAN_PEPPER_ROOT;11999;18;11998;17;;;12016;9;12018;24;;;12007.5;0.0
99;56700;ASH_COATED_OSMIUM;10010;18;10007;10;;;10016;14;10019;19;;;10013.0;0.0
99;56700;INTARIAN_PEPPER_ROOT;12003;14;12000;10;;;12016;13;12017;12;;;12009.5;0.0
99;56800;ASH_COATED_OSMIUM;10015;13;10012;20;;;10024;16;10027;25;;;10019.5;0.0
99;56800;INTARIAN_PEPPER_ROOT;12003;5;;;;;;;;;;;12003;0.0
99;56900;ASH_COATED_OSMIUM;10009;8;10007;11;;;10025;11;10027;14;;;10017.0;0.0
99;56900;INTARIAN_PEPPER_ROOT;12006;11;12004;10;;;12019;17;12022;14;;;12012.5;0.0
99;57000;ASH_COATED_OSMIUM;10001;20;10000;14;;;10022;12;10025;15;;;10011.5;0.0
99;57000;INTARIAN_PEPPER_ROOT;12002;8;;;;;12016;15;;;;;12009.0;0.0
99;57100;ASH_COATED_OSMIUM;10004;4;;;;;10023;13;;;;;10013.5;0.0
99;57100;INTARIAN_PEPPER_ROOT;12003;20;;;;;12016;16;;;;;12009.5;0.0
99;57200;ASH_COATED_OSMIUM;10006;3;;;;;10022;15;;;;;10014.0;0.0
99;57200;INTARIAN_PEPPER_ROOT;12004;10;;;;;12018;7;;;;;12011.0;0.0
99;57300;ASH_COATED_OSMIUM;10011;13;10009;14;;;10030;12;10033;28;;;10020.5;0.0
99;57300;INTARIAN_PEPPER_ROOT;12005;13;12004;17;;;12018;15;12019;15;;;12011.5;0.0
99;57400;ASH_COATED_OSMIUM;10009;4;;;;;10027;7;;;;;10018.0;0.0
99;57400;INTARIAN_PEPPER_ROOT;12004;11;12001;24;;;12017;16;12018;23;;;12010.5;0.0
99;57500;ASH_COATED_OSMIUM;10012;9;10010;10;;;10031;19;10032;12;;;10021.5;0.0
99;57500;INTARIAN_PEPPER_ROOT;12003;7;12001;21;;;12019;15;12021;24;;;12011.0;0.0
99;57600;ASH_COATED_OSMIUM;10012;15;10009;26;;;10031;9;10034;11;;;10021.5;0.0
99;57600;INTARIAN_PEPPER_ROOT;12006;15;12003;21;;;12020;9;12022;16;;;12013.0;0.0
99;57700;ASH_COATED_OSMIUM;10012;14;10010;12;;;10028;14;10031;16;;;10020.0;0.0
99;57700;INTARIAN_PEPPER_ROOT;12008;5;12005;23;;;12022;8;12023;10;;;12015.0;0.0
99;57800;ASH_COATED_OSMIUM;10013;8;;;;;10029;16;;;;;10021.0;0.0
99;57800;INTARIAN_PEPPER_ROOT;12009;13;12007;22;;;12023;17;12026;24;;;12016.0;0.0
99;57900;ASH_COATED_OSMIUM;10013;13;;;;;10032;5;;;;;10022.5;0.0
99;57900;INTARIAN_PEPPER_ROOT;12007;10;;;;;12021;6;;;;;12014.0;0.0
99;58000;ASH_COATED_OSMIUM;;;;;;;10027;8;10030;16;;;10027;0.0
99;58000;INTARIAN_PEPPER_ROOT;12006;11;;;;;12023;14;;;;;12014.5;0.0
99;58100;ASH_COATED_OSMIUM;10012;18;;;;;10019;20;;;;;10015.5;0.0
99;58100;INTARIAN_PEPPER_ROOT;12007;18;12006;24;;;12023;12;12025;16;;;12015.0;0.0
99;58200;ASH_COATED_OSMIUM;10007;18;;;;;10028;6;;;;;10017.5;0.0
99;58200;INTARIAN_PEPPER_ROOT;12009;5;;;;;;;;;;;12009;0.0
99;58300;ASH_COATED_OSMIUM;10007;18;10005;25;;;10023;5;10026;28;;;10015.0;0.0
99;58300;INTARIAN_PEPPER_ROOT;12007;15;;;;;12023;19;;;;;12015.0;0.0
99;58400;ASH_COATED_OSMIUM;10008;14;;;;;10024;19;;;;;10016.0;0.0
99;58400;INTARIAN_PEPPER_ROOT;12006;9;12004;14;;;12023;10;12025;23;;;12014.5;0.0
99;58500;ASH_COATED_OSMIUM;10010;16;10008;30;;;10026;14;10029;12;;;10018.0;0.0
99;58500;INTARIAN_PEPPER_ROOT;12004;10;12003;23;;;12021;5;12022;14;;;12012.5;0.0
99;58600;ASH_COATED_OSMIUM;10012;20;;;;;10028;13;;;;;10020.0;0.0
99;58600;INTARIAN_PEPPER_ROOT;12005;6;;;;;12019;18;;;;;12012.0;0.0
99;58700;ASH_COATED_OSMIUM;10009;14;10006;21;;;10028;7;10030;25;;;10018.5;0.0
99;58700;INTARIAN_PEPPER_ROOT;;;;;;;12019;20;;;;;12019;0.0
99;58800;ASH_COATED_OSMIUM;10006;10;;;;;10025;9;;;;;10015.5;0.0
99;58800;INTARIAN_PEPPER_ROOT;12004;13;;;;;12017;12;;;;;12010.5;0.0
99;58900;ASH_COATED_OSMIUM;10005;16;;;;;10021;17;;;;;10013.0;0.0
99;58900;INTARIAN_PEPPER_ROOT;12004;20;12003;14;;;12018;10;12021;20;;;12011.0;0.0
99;59000;ASH_COATED_OSMIUM;;;;;;;10016;7;;;;;10016;0.0
99;59000;INTARIAN_PEPPER_ROOT;12004;7;;;;;12018;6;;;;;12011.0;0.0
99;59100;ASH_COATED_OSMIUM;9993;10;;;;;;;;;;;9993;0.0
99;59100;INTARIAN_PEPPER_ROOT;12004;20;;;;;12020;11;;;;;12012.0;0.0
99;59200;ASH_COATED_OSMIUM;9990;16;9988;11;;;10006;6;10008;16;;;9998.0;0.0
99;59200;INTARIAN_PEPPER_ROOT;12004;15;12002;17;;;12017;18;12018;24;;;12010.5;0.0
99;59300;ASH_COATED_OSMIUM;9997;12;;;;;10002;3;;;;;9999.5;0.0
99;59300;INTARIAN_PEPPER_ROOT;12005;20;;;;;12018;14;;;;;12011.5;0.0
99;59400;ASH_COATED_OSMIUM;9988;14;9985;28;;;10004;3;10006;21;;;9996.0;0.0
99;59400;INTARIAN_PEPPER_ROOT;12007;17;;;;;12020;16;;;;;12013.5;0.0
99;59500;ASH_COATED_OSMIUM;9990;3;9989;15;;;10009;19;10011;27;;;9999.5;0.0
99;59500;INTARIAN_PEPPER_ROOT;12006;10;;;;;12020;13;;;;;12013.0;0.0
99;59600;ASH_COATED_OSMIUM;9985;8;;;;;10006;17;;;;;9995.5;0.0
99;59600;INTARIAN_PEPPER_ROOT;12005;20;12003;24;;;12018;18;12020;23;;;12011.5;0.0
99;59700;ASH_COATED_OSMIUM;9992;6;9991;21;;;10008;17;10010;19;;;10000.0;0.0
99;59700;INTARIAN_PEPPER_ROOT;12005;10;;;;;12019;11;;;;;12012.0;0.0
99;59800;ASH_COATED_OSMIUM;9989;17;;;;;9996;12;;;;;9992.5;0.0
99;59800;INTARIAN_PEPPER_ROOT;12006;6;12005;21;;;12022;11;12023;10;;;12014.0;0.0
99;59900;ASH_COATED_OSMIUM;9984;14;9981;13;;;10002;8;10004;22;;;9993.0;0.0
99;59900;INTARIAN_PEPPER_ROOT;12007;15;12005;13;;;12023;8;12026;23;;;12015.0;0.0
99;60000;ASH_COATED_OSMIUM;9987;6;9986;16;;;10005;8;10007;29;;;9996.0;0.0
99;60000;INTARIAN_PEPPER_ROOT;12009;19;12008;12;;;12022;9;12023;21;;;12015.5;0.0
99;60100;ASH_COATED_OSMIUM;9985;11;9982;22;;;10004;15;10007;25;;;9994.5;0.0
99;60100;INTARIAN_PEPPER_ROOT;12008;9;;;;;12021;11;;;;;12014.5;0.0
99;60200;ASH_COATED_OSMIUM;9987;18;9986;13;;;10005;10;10006;11;;;9996.0;0.0
99;60200;INTARIAN_PEPPER_ROOT;12006;14;;;;;12022;9;;;;;12014.0;0.0
99;60300;ASH_COATED_OSMIUM;9987;6;;;;;10003;5;;;;;9995.0;0.0
99;60300;INTARIAN_PEPPER_ROOT;12006;7;;;;;12023;5;;;;;12014.5;0.0
99;60400;ASH_COATED_OSMIUM;9986;18;9984;27;;;10004;19;10007;10;;;9995.0;0.0
99;60400;INTARIAN_PEPPER_ROOT;12008;8;;;;;12022;8;;;;;12015.0;0.0
99;60500;ASH_COATED_OSMIUM;9989;17;9988;19;;;10007;17;10010;15;;;9998.0;0.0
99;60500;INTARIAN_PEPPER_ROOT;12007;19;12004;16;;;12021;18;12022;21;;;12014.0;0.0
99;60600;ASH_COATED_OSMIUM;9991;18;;;;;10007;20;;;;;9999.0;0.0
99;60600;INTARIAN_PEPPER_ROOT;12005;12;;;;;12019;11;;;;;12012.0;0.0
99;60700;ASH_COATED_OSMIUM;9984;14;9983;11;;;10002;12;10005;14;;;9993.0;0.0
99;60700;INTARIAN_PEPPER_ROOT;12001;9;;;;;12018;8;;;;;12009.5;0.0
99;60800;ASH_COATED_OSMIUM;9984;13;9982;23;;;;;;;;;9984;0.0
99;60800;INTARIAN_PEPPER_ROOT;12002;18;;;;;12016;12;;;;;12009.0;0.0
99;60900;ASH_COATED_OSMIUM;9986;6;9983;11;;;10002;13;10004;24;;;9994.0;0.0
99;60900;INTARIAN_PEPPER_ROOT;12003;9;;;;;12020;9;;;;;12011.5;0.0
99;61000;ASH_COATED_OSMIUM;9989;18;;;;;10005;3;;;;;9997.0;0.0
99;61000;INTARIAN_PEPPER_ROOT;12004;13;12001;21;;;12018;11;12019;22;;;12011.0;0.0
99;61100;ASH_COATED_OSMIUM;9986;18;;;;;10002;19;;;;;9994.0;0.0
99;61100;INTARIAN_PEPPER_ROOT;12003;13;;;;;12017;7;;;;;12010.0;0.0
99;61200;ASH_COATED_OSMIUM;9988;18;;;;;10004;5;;;;;9996.0;0.0
99;61200;INTARIAN_PEPPER_ROOT;12003;9;;;;;12017;19;;;;;12010.0;0.0
99;61300;ASH_COATED_OSMIUM;9986;5;9984;28;;;10007;6;10008;26;;;9996.5;0.0
99;61300;INTARIAN_PEPPER_ROOT;12004;15;;;;;12018;12;;;;;12011.0;0.0
99;61400;ASH_COATED_OSMIUM;9989;19;9986;16;;;10005;12;10007;23;;;9997.0;0.0
99;61400;INTARIAN_PEPPER_ROOT;12003;9;12000;21;;;12019;20;12022;19;;;12011.0;0.0
99;61500;ASH_COATED_OSMIUM;9985;19;9984;24;;;;;;;;;9985;0.0
99;61500;INTARIAN_PEPPER_ROOT;12007;12;;;;;12020;10;;;;;12013.5;0.0
99;61600;ASH_COATED_OSMIUM;9984;4;9982;17;;;10002;19;10003;14;;;9993.0;0.0
99;61600;INTARIAN_PEPPER_ROOT;12014;9;;;;;12017;14;;;;;12015.5;0.0
99;61700;ASH_COATED_OSMIUM;9983;9;9981;15;;;10004;16;10007;18;;;9993.5;0.0
99;61700;INTARIAN_PEPPER_ROOT;12009;5;12007;17;;;12022;18;12024;20;;;12015.5;0.0
99;61800;ASH_COATED_OSMIUM;9980;10;9977;23;;;9996;12;9998;30;;;9988.0;0.0
99;61800;INTARIAN_PEPPER_ROOT;12005;7;;;;;12022;16;;;;;12013.5;0.0
99;61900;ASH_COATED_OSMIUM;9984;8;;;;;9993;4;;;;;9988.5;0.0
99;61900;INTARIAN_PEPPER_ROOT;12005;17;;;;;12019;11;;;;;12012.0;0.0
99;62000;ASH_COATED_OSMIUM;9987;12;;;;;9996;5;;;;;9991.5;0.0
99;62000;INTARIAN_PEPPER_ROOT;12006;9;;;;;12020;16;;;;;12013.0;0.0
99;62100;ASH_COATED_OSMIUM;9986;10;9983;26;;;9992;6;9993;28;;;9989.0;0.0
99;62100;INTARIAN_PEPPER_ROOT;12008;10;;;;;12021;8;;;;;12014.5;0.0
99;62200;ASH_COATED_OSMIUM;9984;6;9981;22;;;10000;13;10003;17;;;9992.0;0.0
99;62200;INTARIAN_PEPPER_ROOT;12007;20;;;;;12021;9;;;;;12014.0;0.0
99;62300;ASH_COATED_OSMIUM;9983;4;9980;20;;;10002;18;10003;27;;;9992.5;0.0
99;62300;INTARIAN_PEPPER_ROOT;12009;8;12006;25;;;;;;;;;12009;0.0
99;62400;ASH_COATED_OSMIUM;9986;14;;;;;10002;18;;;;;9994.0;0.0
99;62400;INTARIAN_PEPPER_ROOT;12009;9;;;;;12023;14;;;;;12016.0;0.0
99;62500;ASH_COATED_OSMIUM;9994;10;9992;21;;;10010;11;10013;13;;;10002.0;0.0
99;62500;INTARIAN_PEPPER_ROOT;12010;7;12008;13;;;12023;18;12026;11;;;12016.5;0.0
99;62600;ASH_COATED_OSMIUM;9994;11;9993;16;;;;;;;;;9994;0.0
99;62600;INTARIAN_PEPPER_ROOT;12012;17;;;;;12025;19;;;;;12018.5;0.0
99;62700;ASH_COATED_OSMIUM;9991;18;;;;;;;;;;;9991;0.0
99;62700;INTARIAN_PEPPER_ROOT;12012;14;12011;19;;;12029;16;12031;24;;;12020.5;0.0
99;62800;ASH_COATED_OSMIUM;9986;8;9984;29;;;10002;11;10004;27;;;9994.0;0.0
99;62800;INTARIAN_PEPPER_ROOT;12018;14;12015;24;;;12031;7;12033;16;;;12024.5;0.0
99;62900;ASH_COATED_OSMIUM;9988;7;9985;20;;;9999;3;10001;28;;;9993.5;0.0
99;62900;INTARIAN_PEPPER_ROOT;12018;16;;;;;12032;13;;;;;12025.0;0.0
99;63000;ASH_COATED_OSMIUM;9984;7;;;;;10005;16;;;;;9994.5;0.0
99;63000;INTARIAN_PEPPER_ROOT;12015;13;12012;20;;;12028;12;12030;16;;;12021.5;0.0
99;63100;ASH_COATED_OSMIUM;9981;9;9980;22;;;9997;5;9999;28;;;9989.0;0.0
99;63100;INTARIAN_PEPPER_ROOT;12014;13;12013;23;;;12031;11;12034;24;;;12022.5;0.0
99;63200;ASH_COATED_OSMIUM;9980;10;;;;;10001;5;;;;;9990.5;0.0
99;63200;INTARIAN_PEPPER_ROOT;12015;18;12013;20;;;12029;18;12031;10;;;12022.0;0.0
99;63300;ASH_COATED_OSMIUM;9982;14;;;;;9998;8;;;;;9990.0;0.0
99;63300;INTARIAN_PEPPER_ROOT;12014;19;;;;;12028;12;;;;;12021.0;0.0
99;63400;ASH_COATED_OSMIUM;9979;18;9978;18;;;9997;6;9998;19;;;9988.0;0.0
99;63400;INTARIAN_PEPPER_ROOT;12014;10;12013;19;;;12027;11;12029;22;;;12020.5;0.0
99;63500;ASH_COATED_OSMIUM;9976;9;9975;19;;;9997;16;9998;18;;;9986.5;0.0
99;63500;INTARIAN_PEPPER_ROOT;12018;13;12016;23;;;12021;9;12023;21;;;12019.5;0.0
99;63600;ASH_COATED_OSMIUM;9978;17;9977;22;;;9999;5;10001;16;;;9988.5;0.0
99;63600;INTARIAN_PEPPER_ROOT;12012;9;;;;;12025;10;;;;;12018.5;0.0
99;63700;ASH_COATED_OSMIUM;9980;10;;;;;9996;18;;;;;9988.0;0.0
99;63700;INTARIAN_PEPPER_ROOT;12009;16;;;;;12025;9;;;;;12017.0;0.0
99;63800;ASH_COATED_OSMIUM;9973;4;9970;19;;;9994;3;9996;22;;;9983.5;0.0
99;63800;INTARIAN_PEPPER_ROOT;12011;14;;;;;12028;5;;;;;12019.5;0.0
99;63900;ASH_COATED_OSMIUM;9984;13;9982;26;;;9992;17;9995;23;;;9988.0;0.0
99;63900;INTARIAN_PEPPER_ROOT;12012;12;;;;;12029;7;;;;;12020.5;0.0
99;64000;ASH_COATED_OSMIUM;9985;14;9983;18;;;10001;16;10004;26;;;9993.0;0.0
99;64000;INTARIAN_PEPPER_ROOT;12014;10;;;;;12031;8;;;;;12022.5;0.0
99;64100;ASH_COATED_OSMIUM;9984;17;9983;15;;;10005;4;10006;11;;;9994.5;0.0
99;64100;INTARIAN_PEPPER_ROOT;12014;8;12011;21;;;12028;20;12029;16;;;12021.0;0.0
99;64200;ASH_COATED_OSMIUM;9984;4;9981;25;;;10002;17;10005;24;;;9993.0;0.0
99;64200;INTARIAN_PEPPER_ROOT;12018;13;;;;;;;;;;;12018;0.0
99;64300;ASH_COATED_OSMIUM;9989;8;;;;;10005;19;;;;;9997.0;0.0
99;64300;INTARIAN_PEPPER_ROOT;;;;;;;12031;13;;;;;12031;0.0
99;64400;ASH_COATED_OSMIUM;9984;19;9983;25;;;10000;8;10001;13;;;9992.0;0.0
99;64400;INTARIAN_PEPPER_ROOT;12018;8;12016;11;;;12032;17;12033;12;;;12025.0;0.0
99;64500;ASH_COATED_OSMIUM;9989;13;9987;25;;;10005;7;10008;24;;;9997.0;0.0
99;64500;INTARIAN_PEPPER_ROOT;12020;19;12019;15;;;12037;9;12038;21;;;12028.5;0.0
99;64600;ASH_COATED_OSMIUM;9989;17;;;;;10005;13;;;;;9997.0;0.0
99;64600;INTARIAN_PEPPER_ROOT;12021;10;;;;;12037;15;;;;;12029.0;0.0
99;64700;ASH_COATED_OSMIUM;9994;13;;;;;10010;4;;;;;10002.0;0.0
99;64700;INTARIAN_PEPPER_ROOT;12022;17;12021;21;;;12039;19;12040;16;;;12030.5;0.0
99;64800;ASH_COATED_OSMIUM;9991;15;9990;22;;;10007;5;10008;22;;;9999.0;0.0
99;64800;INTARIAN_PEPPER_ROOT;;;;;;;12034;8;12036;18;;;12034;0.0
99;64900;ASH_COATED_OSMIUM;9991;7;;;;;10007;14;;;;;9999.0;0.0
99;64900;INTARIAN_PEPPER_ROOT;12025;20;12022;20;;;12039;5;12042;18;;;12032.0;0.0
99;65000;ASH_COATED_OSMIUM;9986;11;9984;29;;;10004;16;10006;15;;;9995.0;0.0
99;65000;INTARIAN_PEPPER_ROOT;12028;8;12025;11;;;12034;15;12035;16;;;12031.0;0.0
99;65100;ASH_COATED_OSMIUM;9983;7;9980;12;;;10004;18;10007;19;;;9993.5;0.0
99;65100;INTARIAN_PEPPER_ROOT;12024;17;;;;;12038;13;;;;;12031.0;0.0
99;65200;ASH_COATED_OSMIUM;9991;12;9989;11;;;9997;10;10000;27;;;9994.0;0.0
99;65200;INTARIAN_PEPPER_ROOT;12023;9;12022;23;;;12040;14;12043;14;;;12031.5;0.0
99;65300;ASH_COATED_OSMIUM;9986;11;9985;10;;;10005;14;10008;13;;;9995.5;0.0
99;65300;INTARIAN_PEPPER_ROOT;12020;6;12019;19;;;12037;17;12039;15;;;12028.5;0.0
99;65400;ASH_COATED_OSMIUM;9988;5;;;;;10004;16;;;;;9996.0;0.0
99;65400;INTARIAN_PEPPER_ROOT;12023;19;;;;;12039;8;;;;;12031.0;0.0
99;65500;ASH_COATED_OSMIUM;9986;9;9983;13;;;10002;8;10004;23;;;9994.0;0.0
99;65500;INTARIAN_PEPPER_ROOT;12023;17;;;;;12036;14;;;;;12029.5;0.0
99;65600;ASH_COATED_OSMIUM;9988;17;;;;;9996;15;;;;;9992.0;0.0
99;65600;INTARIAN_PEPPER_ROOT;12020;8;;;;;12037;19;;;;;12028.5;0.0
99;65700;ASH_COATED_OSMIUM;9979;15;9978;16;;;10000;12;10001;13;;;9989.5;0.0
99;65700;INTARIAN_PEPPER_ROOT;12019;8;;;;;12036;6;;;;;12027.5;0.0
99;65800;ASH_COATED_OSMIUM;9979;7;9976;16;;;;;;;;;9979;0.0
99;65800;INTARIAN_PEPPER_ROOT;12021;8;12020;19;;;12034;6;12036;15;;;12027.5;0.0
99;65900;ASH_COATED_OSMIUM;9980;17;9978;17;;;9990;18;9993;16;;;9985.0;0.0
99;65900;INTARIAN_PEPPER_ROOT;12022;15;12021;25;;;12035;11;12036;18;;;12028.5;0.0
99;66000;ASH_COATED_OSMIUM;9978;16;;;;;9994;16;;;;;9986.0;0.0
99;66000;INTARIAN_PEPPER_ROOT;12018;9;;;;;12035;13;;;;;12026.5;0.0
99;66100;ASH_COATED_OSMIUM;9973;18;;;;;9992;10;;;;;9982.5;0.0
99;66100;INTARIAN_PEPPER_ROOT;12016;9;;;;;;;;;;;12016;0.0
99;66200;ASH_COATED_OSMIUM;9970;16;9967;21;;;9991;18;9994;24;;;9980.5;0.0
99;66200;INTARIAN_PEPPER_ROOT;12015;15;12014;19;;;12029;12;12030;10;;;12022.0;0.0
99;66300;ASH_COATED_OSMIUM;9976;13;9974;22;;;9992;17;9995;23;;;9984.0;0.0
99;66300;INTARIAN_PEPPER_ROOT;12017;10;;;;;12030;16;;;;;12023.5;0.0
99;66400;ASH_COATED_OSMIUM;9976;9;;;;;9992;12;;;;;9984.0;0.0
99;66400;INTARIAN_PEPPER_ROOT;12013;8;12012;19;;;12026;13;12028;21;;;12019.5;0.0
99;66500;ASH_COATED_OSMIUM;9974;12;9973;21;;;9992;10;9993;18;;;9983.0;0.0
99;66500;INTARIAN_PEPPER_ROOT;12010;7;;;;;12027;14;;;;;12018.5;0.0
99;66600;ASH_COATED_OSMIUM;9975;5;9972;13;;;9991;13;9992;27;;;9983.0;0.0
99;66600;INTARIAN_PEPPER_ROOT;12010;19;;;;;12024;15;;;;;12017.0;0.0
99;66700;ASH_COATED_OSMIUM;9976;7;9975;11;;;9992;19;9995;24;;;9984.0;0.0
99;66700;INTARIAN_PEPPER_ROOT;12011;12;;;;;12024;7;;;;;12017.5;0.0
99;66800;ASH_COATED_OSMIUM;9977;6;9976;30;;;9996;20;9997;13;;;9986.5;0.0
99;66800;INTARIAN_PEPPER_ROOT;12011;7;;;;;12027;10;;;;;12019.0;0.0
99;66900;ASH_COATED_OSMIUM;9978;6;9976;13;;;9999;7;10000;16;;;9988.5;0.0
99;66900;INTARIAN_PEPPER_ROOT;12012;10;;;;;12026;5;;;;;12019.0;0.0
99;67000;ASH_COATED_OSMIUM;9979;13;9978;21;;;9997;12;9999;23;;;9988.0;0.0
99;67000;INTARIAN_PEPPER_ROOT;12007;14;;;;;12024;14;;;;;12015.5;0.0
99;67100;ASH_COATED_OSMIUM;9978;16;;;;;9996;16;;;;;9987.0;0.0
99;67100;INTARIAN_PEPPER_ROOT;12008;18;;;;;12024;6;;;;;12016.0;0.0
99;67200;ASH_COATED_OSMIUM;9977;7;;;;;9995;3;;;;;9986.0;0.0
99;67200;INTARIAN_PEPPER_ROOT;12006;17;12005;11;;;12023;18;12024;22;;;12014.5;0.0
99;67300;ASH_COATED_OSMIUM;9980;4;;;;;9998;7;;;;;9989.0;0.0
99;67300;INTARIAN_PEPPER_ROOT;12004;10;;;;;;;;;;;12004;0.0
99;67400;ASH_COATED_OSMIUM;9981;12;9978;27;;;10000;16;10003;19;;;9990.5;0.0
99;67400;INTARIAN_PEPPER_ROOT;12001;5;;;;;12017;17;;;;;12009.0;0.0
99;67500;ASH_COATED_OSMIUM;9981;15;9978;29;;;9997;17;10000;30;;;9989.0;0.0
99;67500;INTARIAN_PEPPER_ROOT;11999;7;11998;12;;;12016;5;12018;14;;;12007.5;0.0
99;67600;ASH_COATED_OSMIUM;9984;12;9982;14;;;10000;5;10002;26;;;9992.0;0.0
99;67600;INTARIAN_PEPPER_ROOT;12000;20;;;;;;;;;;;12000;0.0
99;67700;ASH_COATED_OSMIUM;9984;3;;;;;10000;3;;;;;9992.0;0.0
99;67700;INTARIAN_PEPPER_ROOT;12001;11;;;;;;;;;;;12001;0.0
99;67800;ASH_COATED_OSMIUM;9984;19;;;;;10002;6;;;;;9993.0;0.0
99;67800;INTARIAN_PEPPER_ROOT;11999;13;11997;13;;;12016;9;12017;11;;;12007.5;0.0
99;67900;ASH_COATED_OSMIUM;9984;12;9983;28;;;10002;3;10005;28;;;9993.0;0.0
99;67900;INTARIAN_PEPPER_ROOT;12001;13;;;;;12015;9;;;;;12008.0;0.0
99;68000;ASH_COATED_OSMIUM;9989;14;9986;14;;;10005;12;10008;22;;;9997.0;0.0
99;68000;INTARIAN_PEPPER_ROOT;12002;19;11999;10;;;12015;15;12018;10;;;12008.5;0.0
99;68100;ASH_COATED_OSMIUM;9989;7;;;;;10005;16;;;;;9997.0;0.0
99;68100;INTARIAN_PEPPER_ROOT;12002;7;12000;24;;;12015;11;12017;10;;;12008.5;0.0
99;68200;ASH_COATED_OSMIUM;9996;5;;;;;10004;14;;;;;10000.0;0.0
99;68200;INTARIAN_PEPPER_ROOT;12001;14;;;;;12017;5;;;;;12009.0;0.0
99;68300;ASH_COATED_OSMIUM;9986;18;;;;;10004;16;;;;;9995.0;0.0
99;68300;INTARIAN_PEPPER_ROOT;12001;14;;;;;12015;14;;;;;12008.0;0.0
99;68400;ASH_COATED_OSMIUM;9983;19;9982;25;;;10004;19;10006;11;;;9993.5;0.0
99;68400;INTARIAN_PEPPER_ROOT;12001;17;;;;;12014;7;;;;;12007.5;0.0
99;68500;ASH_COATED_OSMIUM;9988;14;9987;21;;;10004;12;10005;19;;;9996.0;0.0
99;68500;INTARIAN_PEPPER_ROOT;11999;13;;;;;12013;12;;;;;12006.0;0.0
99;68600;ASH_COATED_OSMIUM;9987;16;;;;;10003;4;;;;;9995.0;0.0
99;68600;INTARIAN_PEPPER_ROOT;11999;11;11998;17;;;12012;9;12013;23;;;12005.5;0.0
99;68700;ASH_COATED_OSMIUM;;;;;;;10003;16;10006;20;;;10003;0.0
99;68700;INTARIAN_PEPPER_ROOT;11999;12;11998;24;;;12016;12;12018;10;;;12007.5;0.0
99;68800;ASH_COATED_OSMIUM;9989;19;;;;;10005;17;;;;;9997.0;0.0
99;68800;INTARIAN_PEPPER_ROOT;12003;5;;;;;12008;19;;;;;12005.5;0.0
99;68900;ASH_COATED_OSMIUM;9996;10;9995;24;;;10004;15;10007;18;;;10000.0;0.0
99;68900;INTARIAN_PEPPER_ROOT;11999;17;11997;19;;;12013;18;12014;23;;;12006.0;0.0
99;69000;ASH_COATED_OSMIUM;9993;12;9990;12;;;10014;20;10017;16;;;10003.5;0.0
99;69000;INTARIAN_PEPPER_ROOT;11997;19;11994;18;;;12013;17;12016;13;;;12005.0;0.0
99;69100;ASH_COATED_OSMIUM;9989;3;;;;;10008;6;;;;;9998.5;0.0
99;69100;INTARIAN_PEPPER_ROOT;11998;16;;;;;12011;18;;;;;12004.5;0.0
99;69200;ASH_COATED_OSMIUM;9987;17;;;;;10008;5;;;;;9997.5;0.0
99;69200;INTARIAN_PEPPER_ROOT;11997;19;;;;;12010;16;;;;;12003.5;0.0
99;69300;ASH_COATED_OSMIUM;;;;;;;10006;19;10007;13;;;10006;0.0
99;69300;INTARIAN_PEPPER_ROOT;11997;10;11996;17;;;12011;10;12014;24;;;12004.0;0.0
99;69400;ASH_COATED_OSMIUM;9989;12;;;;;10005;16;;;;;9997.0;0.0
99;69400;INTARIAN_PEPPER_ROOT;11995;6;;;;;12012;7;;;;;12003.5;0.0
99;69500;ASH_COATED_OSMIUM;9991;16;9990;16;;;10007;13;10008;17;;;9999.0;0.0
99;69500;INTARIAN_PEPPER_ROOT;11998;16;11995;19;;;12011;17;12013;10;;;12004.5;0.0
99;69600;ASH_COATED_OSMIUM;9990;6;9988;23;;;10008;11;10011;12;;;9999.0;0.0
99;69600;INTARIAN_PEPPER_ROOT;11996;19;;;;;12009;11;;;;;12002.5;0.0
