timestamp;buyer;seller;symbol;currency;price;quantity
1400;;;INTARIAN_PEPPER_ROOT;XIRECS;12009.0;6
2900;;;ASH_COATED_OSMIUM;XIRECS;9985.0;10
3100;;;ASH_COATED_OSMIUM;XIRECS;10002.0;7
5200;;;INTARIAN_PEPPER_ROOT;XIRECS;12009.0;2
6700;;;ASH_COATED_OSMIUM;XIRECS;10001.0;9
6700;;;INTARIAN_PEPPER_ROOT;XIRECS;11996.0;5
10100;;;ASH_COATED_OSMIUM;XIRECS;10015.0;5
11200;;;INTARIAN_PEPPER_ROOT;XIRECS;12009.0;3
11400;;;INTARIAN_PEPPER_ROOT;XIRECS;12007.0;2
11600;;;INTARIAN_PEPPER_ROOT;XIRECS;12009.0;6
12800;;;ASH_COATED_OSMIUM;XIRECS;9999.0;4
13700;;;INTARIAN_PEPPER_ROOT;XIRECS;12029.0;10
15500;;;ASH_COATED_OSMIUM;XIRECS;9994.0;6
16100;;;INTARIAN_PEPPER_ROOT;XIRECS;12025.0;10
17900;;;INTARIAN_PEPPER_ROOT;XIRECS;12032.0;5
20100;;;INTARIAN_PEPPER_ROOT;XIRECS;12028.0;7
20500;;;ASH_COATED_OSMIUM;XIRECS;9989.0;7
20900;;;ASH_COATED_OSMIUM;XIRECS;9981.0;9
21300;;;ASH_COATED_OSMIUM;XIRECS;9999.0;9
23600;;;INTARIAN_PEPPER_ROOT;XIRECS;12046.0;6
25500;;;INTARIAN_PEPPER_ROOT;XIRECS;12051.0;8
26000;;;ASH_COATED_OSMIUM;XIRECS;9993.0;2
26500;;;INTARIAN_PEPPER_ROOT;XIRECS;12055.0;6
31000;;;ASH_COATED_OSMIUM;XIRECS;9993.0;5
32800;;;ASH_COATED_OSMIUM;XIRECS;10018.0;8
35300;;;INTARIAN_PEPPER_ROOT;XIRECS;12037.0;8
36300;;;ASH_COATED_OSMIUM;XIRECS;9992.0;5
36900;;;ASH_COATED_OSMIUM;XIRECS;10013.0;10
38200;;;ASH_COATED_OSMIUM;XIRECS;9999.0;9
45900;;;ASH_COATED_OSMIUM;XIRECS;9995.0;10
47800;;;INTARIAN_PEPPER_ROOT;XIRECS;12014.0;8
48400;;;ASH_COATED_OSMIUM;XIRECS;9997.0;6
49000;;;INTARIAN_PEPPER_ROOT;XIRECS;12008.0;8
49900;;;ASH_COATED_OSMIUM;XIRECS;9992.0;5
53000;;;INTARIAN_PEPPER_ROOT;XIRECS;12002.0;8
53500;;;ASH_COATED_OSMIUM;XIRECS;9975.0;2
53900;;;ASH_COATED_OSMIUM;XIRECS;9978.0;5
54600;;;ASH_COATED_OSMIUM;XIRECS;9980.0;2
55400;;;INTARIAN_PEPPER_ROOT;XIRECS;12017.0;2
56800;;;INTARIAN_PEPPER_ROOT;XIRECS;12003.0;8
58400;;;ASH_COATED_OSMIUM;XIRECS;10008.0;2
59500;;;ASH_COATED_OSMIUM;XIRECS;10009.0;5
65100;;;INTARIAN_PEPPER_ROOT;XIRECS;12038.0;2
68000;;;INTARIAN_PEPPER_ROOT;XIRECS;12002.0;2
70400;;;ASH_COATED_OSMIUM;XIRECS;10017.0;9
71400;;;INTARIAN_PEPPER_ROOT;XIRECS;11992.0;5
73000;;;ASH_COATED_OSMIUM;XIRECS;9997.0;5
73800;;;ASH_COATED_OSMIUM;XIRECS;10001.0;4
74200;;;INTARIAN_PEPPER_ROOT;XIRECS;11989.0;10
74900;;;ASH_COATED_OSMIUM;XIRECS;10014.0;9
75100;;;INTARIAN_PEPPER_ROOT;XIRECS;12003.0;6
77500;;;ASH_COATED_OSMIUM;XIRECS;10003.0;9
78600;;;ASH_COATED_OSMIUM;XIRECS;10006.0;7
80100;;;INTARIAN_PEPPER_ROOT;XIRECS;11999.0;8
80200;;;INTARIAN_PEPPER_ROOT;XIRECS;12012.0;4
81800;;;INTARIAN_PEPPER_ROOT;XIRECS;11999.0;8
82600;;;ASH_COATED_OSMIUM;XIRECS;9992.0;5
82600;;;INTARIAN_PEPPER_ROOT;XIRECS;12004.0;8
83200;;;ASH_COATED_OSMIUM;XIRECS;9978.0;2
87000;;;INTARIAN_PEPPER_ROOT;XIRECS;11999.0;8
87700;;;INTARIAN_PEPPER_ROOT;XIRECS;12013.0;6
90000;;;ASH_COATED_OSMIUM;XIRECS;9969.0;4
93500;;;ASH_COATED_OSMIUM;XIRECS;10002.0;5
94500;;;ASH_COATED_OSMIUM;XIRECS;10005.0;8
95000;;;INTARIAN_PEPPER_ROOT;XIRECS;12020.0;8
97700;;;ASH_COATED_OSMIUM;XIRECS;10013.0;6
98600;;;ASH_COATED_OSMIUM;XIRECS;10001.0;7
98700;;;INTARIAN_PEPPER_ROOT;XIRECS;12014.0;9
99100;;;INTARIAN_PEPPER_ROOT;XIRECS;12014.0;7
100300;;;ASH_COATED_OSMIUM;XIRECS;10005.0;10
108600;;;ASH_COATED_OSMIUM;XIRECS;9996.0;8
109700;;;INTARIAN_PEPPER_ROOT;XIRECS;11990.0;3
111800;;;INTARIAN_PEPPER_ROOT;XIRECS;11997.0;8
113300;;;INTARIAN_PEPPER_ROOT;XIRECS;12001.0;4
114300;;;INTARIAN_PEPPER_ROOT;XIRECS;12012.0;6
119700;;;INTARIAN_PEPPER_ROOT;XIRECS;12005.0;5
120400;;;ASH_COATED_OSMIUM;XIRECS;9997.0;10
125600;;;ASH_COATED_OSMIUM;XIRECS;9999.0;9
132300;;;INTARIAN_PEPPER_ROOT;XIRECS;11998.0;4
134400;;;INTARIAN_PEPPER_ROOT;XIRECS;12024.0;9
137900;;;ASH_COATED_OSMIUM;XIRECS;10020.0;6
139200;;;ASH_COATED_OSMIUM;XIRECS;10025.0;7
139900;;;ASH_COATED_OSMIUM;XIRECS;10023.0;7
140200;;;ASH_COATED_OSMIUM;XIRECS;10001.0;10
148400;;;INTARIAN_PEPPER_ROOT;XIRECS;12016.0;3
150100;;;ASH_COATED_OSMIUM;XIRECS;9994.0;8
151100;;;INTARIAN_PEPPER_ROOT;XIRECS;11997.0;4
153300;;;ASH_COATED_OSMIUM;XIRECS;9991.0;4
153400;;;ASH_COATED_OSMIUM;XIRECS;10007.0;6
153700;;;INTARIAN_PEPPER_ROOT;XIRECS;12002.0;3
154600;;;INTARIAN_PEPPER_ROOT;XIRECS;12004.0;5
154700;;;INTARIAN_PEPPER_ROOT;XIRECS;12006.0;5
156900;;;INTARIAN_PEPPER_ROOT;XIRECS;11989.0;5
158000;;;ASH_COATED_OSMIUM;XIRECS;9997.0;7
158300;;;ASH_COATED_OSMIUM;XIRECS;10000.0;6
162200;;;ASH_COATED_OSMIUM;XIRECS;9991.0;3
162700;;;INTARIAN_PEPPER_ROOT;XIRECS;11999.0;6
162800;;;ASH_COATED_OSMIUM;XIRECS;9976.0;3
164200;;;INTARIAN_PEPPER_ROOT;XIRECS;12001.0;2
165600;;;INTARIAN_PEPPER_ROOT;XIRECS;12022.0;7
165700;;;ASH_COATED_OSMIUM;XIRECS;9973.0;3
172100;;;ASH_COATED_OSMIUM;XIRECS;9962.0;10
172200;;;INTARIAN_PEPPER_ROOT;XIRECS;11998.0;10
173900;;;ASH_COATED_OSMIUM;XIRECS;9973.0;9
174000;;;ASH_COATED_OSMIUM;XIRECS;9991.0;7
174300;;;ASH_COATED_OSMIUM;XIRECS;9962.0;7
176500;;;INTARIAN_PEPPER_ROOT;XIRECS;11994.0;3
179500;;;ASH_COATED_OSMIUM;XIRECS;9955.0;10
179900;;;ASH_COATED_OSMIUM;XIRECS;9978.0;7
180000;;;INTARIAN_PEPPER_ROOT;XIRECS;12011.0;3
180100;;;ASH_COATED_OSMIUM;XIRECS;9981.0;5
182500;;;ASH_COATED_OSMIUM;XIRECS;9961.0;10
186300;;;ASH_COATED_OSMIUM;XIRECS;10007.0;4
186500;;;INTARIAN_PEPPER_ROOT;XIRECS;12003.0;2
187000;;;ASH_COATED_OSMIUM;XIRECS;10006.0;5
187200;;;ASH_COATED_OSMIUM;XIRECS;10018.0;8
188300;;;ASH_COATED_OSMIUM;XIRECS;10003.0;3
191300;;;ASH_COATED_OSMIUM;XIRECS;10028.0;7
191900;;;ASH_COATED_OSMIUM;XIRECS;10006.0;6
193900;;;ASH_COATED_OSMIUM;XIRECS;9984.0;4
197600;;;INTARIAN_PEPPER_ROOT;XIRECS;12002.0;8
197700;;;ASH_COATED_OSMIUM;XIRECS;9998.0;9
199200;;;ASH_COATED_OSMIUM;XIRECS;10011.0;7
203000;;;ASH_COATED_OSMIUM;XIRECS;10014.0;8
203200;;;ASH_COATED_OSMIUM;XIRECS;10006.0;8
205300;;;ASH_COATED_OSMIUM;XIRECS;9976.0;9
205900;;;ASH_COATED_OSMIUM;XIRECS;9981.0;2
206600;;;ASH_COATED_OSMIUM;XIRECS;9980.0;5
207600;;;INTARIAN_PEPPER_ROOT;XIRECS;12025.0;6
210000;;;ASH_COATED_OSMIUM;XIRECS;10002.0;5
210500;;;INTARIAN_PEPPER_ROOT;XIRECS;12017.0;6
210600;;;ASH_COATED_OSMIUM;XIRECS;9998.0;5
210600;;;INTARIAN_PEPPER_ROOT;XIRECS;12018.0;2
211200;;;ASH_COATED_OSMIUM;XIRECS;10003.0;10
212400;;;ASH_COATED_OSMIUM;XIRECS;10005.0;2
212700;;;ASH_COATED_OSMIUM;XIRECS;10003.0;5
215200;;;INTARIAN_PEPPER_ROOT;XIRECS;12043.0;4
217700;;;ASH_COATED_OSMIUM;XIRECS;10004.0;8
220400;;;ASH_COATED_OSMIUM;XIRECS;10000.0;10
220500;;;ASH_COATED_OSMIUM;XIRECS;9995.0;8
223400;;;INTARIAN_PEPPER_ROOT;XIRECS;12039.0;9
228300;;;ASH_COATED_OSMIUM;XIRECS;10013.0;4
230800;;;ASH_COATED_OSMIUM;XIRECS;10003.0;6
232200;;;INTARIAN_PEPPER_ROOT;XIRECS;12046.0;7
232400;;;ASH_COATED_OSMIUM;XIRECS;9981.0;4
233200;;;ASH_COATED_OSMIUM;XIRECS;9987.0;2
233300;;;ASH_COATED_OSMIUM;XIRECS;9985.0;7
233800;;;INTARIAN_PEPPER_ROOT;XIRECS;12053.0;10
234200;;;ASH_COATED_OSMIUM;XIRECS;9985.0;7
240200;;;INTARIAN_PEPPER_ROOT;XIRECS;12056.0;5
240400;;;ASH_COATED_OSMIUM;XIRECS;9970.0;10
241600;;;INTARIAN_PEPPER_ROOT;XIRECS;12074.0;2
243300;;;ASH_COATED_OSMIUM;XIRECS;10015.0;4
245700;;;ASH_COATED_OSMIUM;XIRECS;10013.0;7
248000;;;INTARIAN_PEPPER_ROOT;XIRECS;12072.0;5
248300;;;ASH_COATED_OSMIUM;XIRECS;10017.0;2
249700;;;ASH_COATED_OSMIUM;XIRECS;10020.0;2
252300;;;INTARIAN_PEPPER_ROOT;XIRECS;12075.0;2
257900;;;INTARIAN_PEPPER_ROOT;XIRECS;12085.0;4
258200;;;ASH_COATED_OSMIUM;XIRECS;10018.0;7
260300;;;ASH_COATED_OSMIUM;XIRECS;10014.0;6
262600;;;INTARIAN_PEPPER_ROOT;XIRECS;12095.0;5
262800;;;ASH_COATED_OSMIUM;XIRECS;10005.0;6
262900;;;INTARIAN_PEPPER_ROOT;XIRECS;12097.0;6
263000;;;INTARIAN_PEPPER_ROOT;XIRECS;12107.0;6
264700;;;INTARIAN_PEPPER_ROOT;XIRECS;12114.0;6
267500;;;ASH_COATED_OSMIUM;XIRECS;10022.0;3
268400;;;ASH_COATED_OSMIUM;XIRECS;10027.0;7
270400;;;INTARIAN_PEPPER_ROOT;XIRECS;12094.0;10
270500;;;ASH_COATED_OSMIUM;XIRECS;9991.0;10
272200;;;INTARIAN_PEPPER_ROOT;XIRECS;12103.0;2
272300;;;INTARIAN_PEPPER_ROOT;XIRECS;12104.0;7
272700;;;ASH_COATED_OSMIUM;XIRECS;9991.0;7
272700;;;INTARIAN_PEPPER_ROOT;XIRECS;12087.0;8
273000;;;INTARIAN_PEPPER_ROOT;XIRECS;12103.0;9
273100;;;ASH_COATED_OSMIUM;XIRECS;10003.0;7
274700;;;INTARIAN_PEPPER_ROOT;XIRECS;12107.0;8
276100;;;ASH_COATED_OSMIUM;XIRECS;9985.0;10
276700;;;INTARIAN_PEPPER_ROOT;XIRECS;12108.0;5
277400;;;INTARIAN_PEPPER_ROOT;XIRECS;12107.0;8
281200;;;ASH_COATED_OSMIUM;XIRECS;9987.0;2
283300;;;INTARIAN_PEPPER_ROOT;XIRECS;12125.0;10
285300;;;INTARIAN_PEPPER_ROOT;XIRECS;12126.0;3
285900;;;INTARIAN_PEPPER_ROOT;XIRECS;12120.0;2
286100;;;INTARIAN_PEPPER_ROOT;XIRECS;12118.0;7
289500;;;ASH_COATED_OSMIUM;XIRECS;10004.0;8
290600;;;ASH_COATED_OSMIUM;XIRECS;9979.0;5
291400;;;INTARIAN_PEPPER_ROOT;XIRECS;12118.0;4
294200;;;ASH_COATED_OSMIUM;XIRECS;9997.0;10
294900;;;INTARIAN_PEPPER_ROOT;XIRECS;12129.0;4
296300;;;ASH_COATED_OSMIUM;XIRECS;10015.0;7
296400;;;ASH_COATED_OSMIUM;XIRECS;9999.0;10
298800;;;INTARIAN_PEPPER_ROOT;XIRECS;12133.0;5
301900;;;INTARIAN_PEPPER_ROOT;XIRECS;12151.0;10
302800;;;ASH_COATED_OSMIUM;XIRECS;10014.0;6
303300;;;ASH_COATED_OSMIUM;XIRECS;9995.0;8
304200;;;ASH_COATED_OSMIUM;XIRECS;10002.0;6
306000;;;INTARIAN_PEPPER_ROOT;XIRECS;12125.0;6
306100;;;INTARIAN_PEPPER_ROOT;XIRECS;12137.0;10
308000;;;INTARIAN_PEPPER_ROOT;XIRECS;12115.0;4
309000;;;ASH_COATED_OSMIUM;XIRECS;9990.0;9
310100;;;INTARIAN_PEPPER_ROOT;XIRECS;12119.0;10
310700;;;ASH_COATED_OSMIUM;XIRECS;10002.0;10
311200;;;ASH_COATED_OSMIUM;XIRECS;9996.0;6
311800;;;ASH_COATED_OSMIUM;XIRECS;10006.0;8
313200;;;ASH_COATED_OSMIUM;XIRECS;9997.0;3
313300;;;INTARIAN_PEPPER_ROOT;XIRECS;12113.0;6
314800;;;ASH_COATED_OSMIUM;XIRECS;9994.0;8
316500;;;ASH_COATED_OSMIUM;XIRECS;9968.0;2
317800;;;INTARIAN_PEPPER_ROOT;XIRECS;12115.0;4
318200;;;INTARIAN_PEPPER_ROOT;XIRECS;12135.0;2
318700;;;ASH_COATED_OSMIUM;XIRECS;9975.0;2
319200;;;INTARIAN_PEPPER_ROOT;XIRECS;12130.0;3
319500;;;ASH_COATED_OSMIUM;XIRECS;9988.0;6
321300;;;ASH_COATED_OSMIUM;XIRECS;9990.0;9
322800;;;INTARIAN_PEPPER_ROOT;XIRECS;12124.0;7
326300;;;INTARIAN_PEPPER_ROOT;XIRECS;12114.0;7
328200;;;INTARIAN_PEPPER_ROOT;XIRECS;12125.0;3
328300;;;ASH_COATED_OSMIUM;XIRECS;10012.0;7
328600;;;ASH_COATED_OSMIUM;XIRECS;10011.0;6
333300;;;INTARIAN_PEPPER_ROOT;XIRECS;12106.0;9
333700;;;INTARIAN_PEPPER_ROOT;XIRECS;12103.0;10
335700;;;ASH_COATED_OSMIUM;XIRECS;9991.0;4
337700;;;ASH_COATED_OSMIUM;XIRECS;9988.0;5
337700;;;INTARIAN_PEPPER_ROOT;XIRECS;12075.0;9
337900;;;ASH_COATED_OSMIUM;XIRECS;9993.0;3
341000;;;ASH_COATED_OSMIUM;XIRECS;9979.0;7
341500;;;ASH_COATED_OSMIUM;XIRECS;9974.0;10
341700;;;INTARIAN_PEPPER_ROOT;XIRECS;12073.0;7
342700;;;INTARIAN_PEPPER_ROOT;XIRECS;12079.0;8
343700;;;ASH_COATED_OSMIUM;XIRECS;9964.0;2
344100;;;ASH_COATED_OSMIUM;XIRECS;9968.0;6
346100;;;ASH_COATED_OSMIUM;XIRECS;10011.0;8
346200;;;ASH_COATED_OSMIUM;XIRECS;10001.0;6
348900;;;ASH_COATED_OSMIUM;XIRECS;9996.0;3
349000;;;INTARIAN_PEPPER_ROOT;XIRECS;12090.0;6
350900;;;ASH_COATED_OSMIUM;XIRECS;10002.0;4
352800;;;ASH_COATED_OSMIUM;XIRECS;10019.0;7
353200;;;INTARIAN_PEPPER_ROOT;XIRECS;12092.0;2
353300;;;ASH_COATED_OSMIUM;XIRECS;10026.0;3
353400;;;INTARIAN_PEPPER_ROOT;XIRECS;12095.0;10
354200;;;INTARIAN_PEPPER_ROOT;XIRECS;12104.0;9
354500;;;INTARIAN_PEPPER_ROOT;XIRECS;12106.0;6
355000;;;ASH_COATED_OSMIUM;XIRECS;10009.0;4
359000;;;ASH_COATED_OSMIUM;XIRECS;9984.0;7
362800;;;ASH_COATED_OSMIUM;XIRECS;10029.0;10
365400;;;INTARIAN_PEPPER_ROOT;XIRECS;12115.0;2
365600;;;ASH_COATED_OSMIUM;XIRECS;10014.0;3
366200;;;ASH_COATED_OSMIUM;XIRECS;10007.0;7
366700;;;ASH_COATED_OSMIUM;XIRECS;10022.0;3
367000;;;INTARIAN_PEPPER_ROOT;XIRECS;12120.0;2
368000;;;INTARIAN_PEPPER_ROOT;XIRECS;12111.0;5
368500;;;INTARIAN_PEPPER_ROOT;XIRECS;12127.0;4
368800;;;ASH_COATED_OSMIUM;XIRECS;10027.0;2
369100;;;INTARIAN_PEPPER_ROOT;XIRECS;12131.0;6
370500;;;ASH_COATED_OSMIUM;XIRECS;10004.0;8
372100;;;ASH_COATED_OSMIUM;XIRECS;9999.0;8
372500;;;INTARIAN_PEPPER_ROOT;XIRECS;12133.0;9
372600;;;ASH_COATED_OSMIUM;XIRECS;10016.0;7
372900;;;ASH_COATED_OSMIUM;XIRECS;10013.0;9
373200;;;ASH_COATED_OSMIUM;XIRECS;10017.0;9
373400;;;INTARIAN_PEPPER_ROOT;XIRECS;12113.0;6
377700;;;INTARIAN_PEPPER_ROOT;XIRECS;12093.0;7
379400;;;INTARIAN_PEPPER_ROOT;XIRECS;12109.0;2
381300;;;ASH_COATED_OSMIUM;XIRECS;10001.0;9
383400;;;INTARIAN_PEPPER_ROOT;XIRECS;12107.0;9
387300;;;ASH_COATED_OSMIUM;XIRECS;9986.0;10
388100;;;INTARIAN_PEPPER_ROOT;XIRECS;12112.0;6
389000;;;INTARIAN_PEPPER_ROOT;XIRECS;12119.0;9
391400;;;INTARIAN_PEPPER_ROOT;XIRECS;12121.0;2
391700;;;INTARIAN_PEPPER_ROOT;XIRECS;12105.0;10
392400;;;ASH_COATED_OSMIUM;XIRECS;10004.0;8
401900;;;INTARIAN_PEPPER_ROOT;XIRECS;12123.0;10
402100;;;ASH_COATED_OSMIUM;XIRECS;9996.0;10
403000;;;INTARIAN_PEPPER_ROOT;XIRECS;12104.0;8
404700;;;ASH_COATED_OSMIUM;XIRECS;10017.0;6
405100;;;INTARIAN_PEPPER_ROOT;XIRECS;12127.0;8
405500;;;INTARIAN_PEPPER_ROOT;XIRECS;12115.0;4
405700;;;ASH_COATED_OSMIUM;XIRECS;10003.0;3
405800;;;INTARIAN_PEPPER_ROOT;XIRECS;12123.0;10
407900;;;INTARIAN_PEPPER_ROOT;XIRECS;12109.0;6
409000;;;ASH_COATED_OSMIUM;XIRECS;9993.0;9
409600;;;ASH_COATED_OSMIUM;XIRECS;10015.0;9
410300;;;ASH_COATED_OSMIUM;XIRECS;10015.0;9
411500;;;ASH_COATED_OSMIUM;XIRECS;10001.0;8
414300;;;INTARIAN_PEPPER_ROOT;XIRECS;12110.0;10
414800;;;ASH_COATED_OSMIUM;XIRECS;9986.0;9
416500;;;ASH_COATED_OSMIUM;XIRECS;9980.0;4
416900;;;ASH_COATED_OSMIUM;XIRECS;9968.0;2
419200;;;INTARIAN_PEPPER_ROOT;XIRECS;12103.0;9
420000;;;ASH_COATED_OSMIUM;XIRECS;9978.0;3
420400;;;INTARIAN_PEPPER_ROOT;XIRECS;12112.0;5
422900;;;ASH_COATED_OSMIUM;XIRECS;9989.0;10
424400;;;ASH_COATED_OSMIUM;XIRECS;9997.0;6
424800;;;INTARIAN_PEPPER_ROOT;XIRECS;12112.0;2
425500;;;ASH_COATED_OSMIUM;XIRECS;9991.0;6
428400;;;ASH_COATED_OSMIUM;XIRECS;10012.0;6
428500;;;INTARIAN_PEPPER_ROOT;XIRECS;12082.0;7
428900;;;ASH_COATED_OSMIUM;XIRECS;10005.0;8
429000;;;ASH_COATED_OSMIUM;XIRECS;9989.0;5
430400;;;INTARIAN_PEPPER_ROOT;XIRECS;12094.0;3
430800;;;INTARIAN_PEPPER_ROOT;XIRECS;12080.0;3
433900;;;ASH_COATED_OSMIUM;XIRECS;9995.0;8
437000;;;INTARIAN_PEPPER_ROOT;XIRECS;12101.0;3
442200;;;INTARIAN_PEPPER_ROOT;XIRECS;12099.0;10
442600;;;ASH_COATED_OSMIUM;XIRECS;10003.0;7
443200;;;INTARIAN_PEPPER_ROOT;XIRECS;12092.0;3
444300;;;ASH_COATED_OSMIUM;XIRECS;10008.0;8
447000;;;INTARIAN_PEPPER_ROOT;XIRECS;12097.0;7
447200;;;ASH_COATED_OSMIUM;XIRECS;10003.0;2
447800;;;INTARIAN_PEPPER_ROOT;XIRECS;12084.0;3
449100;;;INTARIAN_PEPPER_ROOT;XIRECS;12091.0;6
449200;;;ASH_COATED_OSMIUM;XIRECS;10000.0;5
450700;;;INTARIAN_PEPPER_ROOT;XIRECS;12106.0;7
452100;;;ASH_COATED_OSMIUM;XIRECS;10016.0;4
452800;;;INTARIAN_PEPPER_ROOT;XIRECS;12087.0;2
453700;;;ASH_COATED_OSMIUM;XIRECS;10033.0;6
454900;;;ASH_COATED_OSMIUM;XIRECS;10027.0;3
454900;;;INTARIAN_PEPPER_ROOT;XIRECS;12103.0;5
455000;;;INTARIAN_PEPPER_ROOT;XIRECS;12105.0;4
455500;;;INTARIAN_PEPPER_ROOT;XIRECS;12107.0;5
455800;;;ASH_COATED_OSMIUM;XIRECS;10042.0;10
458200;;;ASH_COATED_OSMIUM;XIRECS;10014.0;6
462100;;;ASH_COATED_OSMIUM;XIRECS;9993.0;3
463100;;;ASH_COATED_OSMIUM;XIRECS;9999.0;5
463500;;;ASH_COATED_OSMIUM;XIRECS;9979.0;8
466600;;;INTARIAN_PEPPER_ROOT;XIRECS;12129.0;8
467100;;;ASH_COATED_OSMIUM;XIRECS;9996.0;4
467300;;;INTARIAN_PEPPER_ROOT;XIRECS;12135.0;3
469400;;;INTARIAN_PEPPER_ROOT;XIRECS;12151.0;4
469600;;;ASH_COATED_OSMIUM;XIRECS;10009.0;9
469700;;;INTARIAN_PEPPER_ROOT;XIRECS;12131.0;6
469900;;;INTARIAN_PEPPER_ROOT;XIRECS;12148.0;8
470100;;;ASH_COATED_OSMIUM;XIRECS;10027.0;8
470300;;;ASH_COATED_OSMIUM;XIRECS;10009.0;3
471500;;;INTARIAN_PEPPER_ROOT;XIRECS;12155.0;4
473100;;;INTARIAN_PEPPER_ROOT;XIRECS;12138.0;6
473500;;;INTARIAN_PEPPER_ROOT;XIRECS;12156.0;8
473900;;;ASH_COATED_OSMIUM;XIRECS;10016.0;8
474600;;;ASH_COATED_OSMIUM;XIRECS;10011.0;10
474700;;;INTARIAN_PEPPER_ROOT;XIRECS;12153.0;3
475200;;;INTARIAN_PEPPER_ROOT;XIRECS;12152.0;2
476300;;;INTARIAN_PEPPER_ROOT;XIRECS;12140.0;9
476400;;;ASH_COATED_OSMIUM;XIRECS;10008.0;7
476800;;;ASH_COATED_OSMIUM;XIRECS;10010.0;5
477500;;;ASH_COATED_OSMIUM;XIRECS;10018.0;4
477700;;;INTARIAN_PEPPER_ROOT;XIRECS;12139.0;6
478700;;;ASH_COATED_OSMIUM;XIRECS;9991.0;7
479000;;;INTARIAN_PEPPER_ROOT;XIRECS;12156.0;3
479500;;;INTARIAN_PEPPER_ROOT;XIRECS;12147.0;3
479900;;;ASH_COATED_OSMIUM;XIRECS;9977.0;6
481100;;;ASH_COATED_OSMIUM;XIRECS;9974.0;2
484000;;;INTARIAN_PEPPER_ROOT;XIRECS;12135.0;8
487500;;;ASH_COATED_OSMIUM;XIRECS;10011.0;10
488000;;;ASH_COATED_OSMIUM;XIRECS;9999.0;2
490000;;;ASH_COATED_OSMIUM;XIRECS;10018.0;8
495200;;;INTARIAN_PEPPER_ROOT;XIRECS;12120.0;9
497000;;;ASH_COATED_OSMIUM;XIRECS;10000.0;10
500500;;;ASH_COATED_OSMIUM;XIRECS;9996.0;9
500800;;;ASH_COATED_OSMIUM;XIRECS;10002.0;10
502200;;;ASH_COATED_OSMIUM;XIRECS;10021.0;4
502500;;;ASH_COATED_OSMIUM;XIRECS;10020.0;8
504600;;;INTARIAN_PEPPER_ROOT;XIRECS;12144.0;6
505100;;;INTARIAN_PEPPER_ROOT;XIRECS;12131.0;10
505600;;;INTARIAN_PEPPER_ROOT;XIRECS;12128.0;3
505700;;;ASH_COATED_OSMIUM;XIRECS;10005.0;6
506200;;;INTARIAN_PEPPER_ROOT;XIRECS;12127.0;2
509700;;;INTARIAN_PEPPER_ROOT;XIRECS;12124.0;4
512800;;;ASH_COATED_OSMIUM;XIRECS;10018.0;9
515300;;;INTARIAN_PEPPER_ROOT;XIRECS;12113.0;8
515500;;;ASH_COATED_OSMIUM;XIRECS;10011.0;8
520500;;;ASH_COATED_OSMIUM;XIRECS;10012.0;9
521700;;;ASH_COATED_OSMIUM;XIRECS;9996.0;6
522300;;;ASH_COATED_OSMIUM;XIRECS;10005.0;6
522400;;;INTARIAN_PEPPER_ROOT;XIRECS;12113.0;6
524400;;;ASH_COATED_OSMIUM;XIRECS;10021.0;5
525700;;;INTARIAN_PEPPER_ROOT;XIRECS;12117.0;10
529400;;;INTARIAN_PEPPER_ROOT;XIRECS;12107.0;8
530900;;;INTARIAN_PEPPER_ROOT;XIRECS;12095.0;8
533200;;;ASH_COATED_OSMIUM;XIRECS;9995.0;6
536500;;;ASH_COATED_OSMIUM;XIRECS;10005.0;3
538000;;;INTARIAN_PEPPER_ROOT;XIRECS;12115.0;3
538600;;;ASH_COATED_OSMIUM;XIRECS;10013.0;6
539500;;;ASH_COATED_OSMIUM;XIRECS;9995.0;8
540300;;;ASH_COATED_OSMIUM;XIRECS;10018.0;3
546000;;;INTARIAN_PEPPER_ROOT;XIRECS;12109.0;7
546500;;;ASH_COATED_OSMIUM;XIRECS;9999.0;10
549600;;;INTARIAN_PEPPER_ROOT;XIRECS;12110.0;5
549700;;;ASH_COATED_OSMIUM;XIRECS;10008.0;3
550700;;;INTARIAN_PEPPER_ROOT;XIRECS;12128.0;7
551000;;;INTARIAN_PEPPER_ROOT;XIRECS;12107.0;8
551800;;;ASH_COATED_OSMIUM;XIRECS;9989.0;7
552800;;;INTARIAN_PEPPER_ROOT;XIRECS;12121.0;9
552900;;;INTARIAN_PEPPER_ROOT;XIRECS;12123.0;4
554200;;;INTARIAN_PEPPER_ROOT;XIRECS;12107.0;6
555600;;;INTARIAN_PEPPER_ROOT;XIRECS;12122.0;7
557300;;;INTARIAN_PEPPER_ROOT;XIRECS;12111.0;3
559100;;;ASH_COATED_OSMIUM;XIRECS;9996.0;8
561700;;;ASH_COATED_OSMIUM;XIRECS;9998.0;10
563000;;;INTARIAN_PEPPER_ROOT;XIRECS;12112.0;8
563500;;;ASH_COATED_OSMIUM;XIRECS;9990.0;5
565000;;;INTARIAN_PEPPER_ROOT;XIRECS;12120.0;6
565800;;;ASH_COATED_OSMIUM;XIRECS;10014.0;9
567100;;;ASH_COATED_OSMIUM;XIRECS;10018.0;6
567600;;;INTARIAN_PEPPER_ROOT;XIRECS;12120.0;6
569500;;;INTARIAN_PEPPER_ROOT;XIRECS;12125.0;2
572700;;;INTARIAN_PEPPER_ROOT;XIRECS;12152.0;2
573800;;;ASH_COATED_OSMIUM;XIRECS;10008.0;3
574100;;;INTARIAN_PEPPER_ROOT;XIRECS;12139.0;10
575000;;;ASH_COATED_OSMIUM;XIRECS;10025.0;4
578100;;;ASH_COATED_OSMIUM;XIRECS;10016.0;3
579200;;;INTARIAN_PEPPER_ROOT;XIRECS;12150.0;2
583900;;;INTARIAN_PEPPER_ROOT;XIRECS;12126.0;3
584000;;;INTARIAN_PEPPER_ROOT;XIRECS;12125.0;4
584600;;;INTARIAN_PEPPER_ROOT;XIRECS;12123.0;6
584800;;;INTARIAN_PEPPER_ROOT;XIRECS;12139.0;2
585900;;;INTARIAN_PEPPER_ROOT;XIRECS;12123.0;10
586100;;;INTARIAN_PEPPER_ROOT;XIRECS;12119.0;7
588300;;;ASH_COATED_OSMIUM;XIRECS;9980.0;2
589600;;;ASH_COATED_OSMIUM;XIRECS;10006.0;7
590600;;;ASH_COATED_OSMIUM;XIRECS;10019.0;10
590900;;;INTARIAN_PEPPER_ROOT;XIRECS;12149.0;6
591100;;;INTARIAN_PEPPER_ROOT;XIRECS;12150.0;10
591300;;;ASH_COATED_OSMIUM;XIRECS;10024.0;4
593000;;;ASH_COATED_OSMIUM;XIRECS;9994.0;5
593600;;;ASH_COATED_OSMIUM;XIRECS;9994.0;3
593900;;;ASH_COATED_OSMIUM;XIRECS;10000.0;2
595100;;;INTARIAN_PEPPER_ROOT;XIRECS;12151.0;7
599700;;;ASH_COATED_OSMIUM;XIRECS;9989.0;10
599800;;;ASH_COATED_OSMIUM;XIRECS;10010.0;4
599900;;;ASH_COATED_OSMIUM;XIRECS;10009.0;10
600600;;;INTARIAN_PEPPER_ROOT;XIRECS;12140.0;2
600700;;;ASH_COATED_OSMIUM;XIRECS;9989.0;2
602500;;;ASH_COATED_OSMIUM;XIRECS;10026.0;8
602500;;;INTARIAN_PEPPER_ROOT;XIRECS;12125.0;2
606100;;;INTARIAN_PEPPER_ROOT;XIRECS;12115.0;7
606300;;;INTARIAN_PEPPER_ROOT;XIRECS;12131.0;6
606600;;;INTARIAN_PEPPER_ROOT;XIRECS;12122.0;9
606800;;;INTARIAN_PEPPER_ROOT;XIRECS;12120.0;6
608400;;;INTARIAN_PEPPER_ROOT;XIRECS;12123.0;9
609500;;;INTARIAN_PEPPER_ROOT;XIRECS;12120.0;6
612800;;;ASH_COATED_OSMIUM;XIRECS;10013.0;2
614400;;;INTARIAN_PEPPER_ROOT;XIRECS;12125.0;2
615100;;;INTARIAN_PEPPER_ROOT;XIRECS;12126.0;9
616300;;;ASH_COATED_OSMIUM;XIRECS;10003.0;8
627800;;;ASH_COATED_OSMIUM;XIRECS;10023.0;3
628900;;;ASH_COATED_OSMIUM;XIRECS;10003.0;8
630800;;;ASH_COATED_OSMIUM;XIRECS;10008.0;4
632800;;;ASH_COATED_OSMIUM;XIRECS;9999.0;10
634000;;;INTARIAN_PEPPER_ROOT;XIRECS;12093.0;2
634300;;;INTARIAN_PEPPER_ROOT;XIRECS;12095.0;9
635400;;;INTARIAN_PEPPER_ROOT;XIRECS;12114.0;7
635500;;;INTARIAN_PEPPER_ROOT;XIRECS;12097.0;5
635700;;;ASH_COATED_OSMIUM;XIRECS;9994.0;3
637100;;;INTARIAN_PEPPER_ROOT;XIRECS;12107.0;3
638800;;;ASH_COATED_OSMIUM;XIRECS;9995.0;10
640100;;;INTARIAN_PEPPER_ROOT;XIRECS;12112.0;9
642200;;;INTARIAN_PEPPER_ROOT;XIRECS;12094.0;2
642300;;;ASH_COATED_OSMIUM;XIRECS;10010.0;7
644000;;;INTARIAN_PEPPER_ROOT;XIRECS;12085.0;7
649300;;;ASH_COATED_OSMIUM;XIRECS;9983.0;4
649600;;;ASH_COATED_OSMIUM;XIRECS;10002.0;7
650300;;;INTARIAN_PEPPER_ROOT;XIRECS;12111.0;9
655900;;;INTARIAN_PEPPER_ROOT;XIRECS;12106.0;9
658600;;;ASH_COATED_OSMIUM;XIRECS;10028.0;4
659000;;;ASH_COATED_OSMIUM;XIRECS;10013.0;10
664300;;;ASH_COATED_OSMIUM;XIRECS;10024.0;4
664600;;;ASH_COATED_OSMIUM;XIRECS;10020.0;5
665000;;;ASH_COATED_OSMIUM;XIRECS;10017.0;4
665200;;;ASH_COATED_OSMIUM;XIRECS;10033.0;6
665300;;;ASH_COATED_OSMIUM;XIRECS;10018.0;6
666200;;;ASH_COATED_OSMIUM;XIRECS;10031.0;8
667700;;;INTARIAN_PEPPER_ROOT;XIRECS;12155.0;9
668900;;;INTARIAN_PEPPER_ROOT;XIRECS;12156.0;3
669200;;;INTARIAN_PEPPER_ROOT;XIRECS;12156.0;8
669800;;;ASH_COATED_OSMIUM;XIRECS;10000.0;4
670400;;;ASH_COATED_OSMIUM;XIRECS;9997.0;8
670800;;;INTARIAN_PEPPER_ROOT;XIRECS;12136.0;4
671800;;;INTARIAN_PEPPER_ROOT;XIRECS;12150.0;8
672700;;;ASH_COATED_OSMIUM;XIRECS;9989.0;6
674800;;;INTARIAN_PEPPER_ROOT;XIRECS;12151.0;2
674900;;;ASH_COATED_OSMIUM;XIRECS;10011.0;6
677600;;;INTARIAN_PEPPER_ROOT;XIRECS;12129.0;8
678600;;;ASH_COATED_OSMIUM;XIRECS;9973.0;8
681400;;;ASH_COATED_OSMIUM;XIRECS;9986.0;9
684000;;;ASH_COATED_OSMIUM;XIRECS;10008.0;6
684300;;;ASH_COATED_OSMIUM;XIRECS;9985.0;3
684700;;;ASH_COATED_OSMIUM;XIRECS;9985.0;8
687200;;;ASH_COATED_OSMIUM;XIRECS;9986.0;2
687300;;;ASH_COATED_OSMIUM;XIRECS;9981.0;10
688500;;;ASH_COATED_OSMIUM;XIRECS;9984.0;2
688600;;;ASH_COATED_OSMIUM;XIRECS;9998.0;7
691400;;;INTARIAN_PEPPER_ROOT;XIRECS;12120.0;9
691800;;;INTARIAN_PEPPER_ROOT;XIRECS;12125.0;3
692500;;;INTARIAN_PEPPER_ROOT;XIRECS;12118.0;8
693100;;;ASH_COATED_OSMIUM;XIRECS;9988.0;3
694300;;;ASH_COATED_OSMIUM;XIRECS;9985.0;10
696500;;;INTARIAN_PEPPER_ROOT;XIRECS;12115.0;9
699800;;;ASH_COATED_OSMIUM;XIRECS;10000.0;5
700500;;;ASH_COATED_OSMIUM;XIRECS;9983.0;6
701700;;;INTARIAN_PEPPER_ROOT;XIRECS;12117.0;5
701800;;;INTARIAN_PEPPER_ROOT;XIRECS;12131.0;6
703100;;;ASH_COATED_OSMIUM;XIRECS;9987.0;7
703500;;;ASH_COATED_OSMIUM;XIRECS;9999.0;3
703900;;;ASH_COATED_OSMIUM;XIRECS;9983.0;5
705000;;;ASH_COATED_OSMIUM;XIRECS;10013.0;9
707900;;;INTARIAN_PEPPER_ROOT;XIRECS;12114.0;6
709400;;;INTARIAN_PEPPER_ROOT;XIRECS;12110.0;3
709800;;;ASH_COATED_OSMIUM;XIRECS;10015.0;8
711400;;;ASH_COATED_OSMIUM;XIRECS;10015.0;4
716500;;;INTARIAN_PEPPER_ROOT;XIRECS;12104.0;7
716600;;;INTARIAN_PEPPER_ROOT;XIRECS;12089.0;8
717300;;;INTARIAN_PEPPER_ROOT;XIRECS;12085.0;6
717700;;;ASH_COATED_OSMIUM;XIRECS;10004.0;5
719100;;;INTARIAN_PEPPER_ROOT;XIRECS;12081.0;5
719600;;;ASH_COATED_OSMIUM;XIRECS;10005.0;9
723300;;;ASH_COATED_OSMIUM;XIRECS;9988.0;2
723500;;;ASH_COATED_OSMIUM;XIRECS;9978.0;4
724200;;;ASH_COATED_OSMIUM;XIRECS;10000.0;5
724300;;;INTARIAN_PEPPER_ROOT;XIRECS;12079.0;3
725100;;;INTARIAN_PEPPER_ROOT;XIRECS;12075.0;7
725600;;;ASH_COATED_OSMIUM;XIRECS;9988.0;3
726100;;;ASH_COATED_OSMIUM;XIRECS;9991.0;10
730300;;;ASH_COATED_OSMIUM;XIRECS;9992.0;2
730400;;;INTARIAN_PEPPER_ROOT;XIRECS;12078.0;8
731200;;;INTARIAN_PEPPER_ROOT;XIRECS;12072.0;10
735400;;;INTARIAN_PEPPER_ROOT;XIRECS;12063.0;8
740600;;;ASH_COATED_OSMIUM;XIRECS;9985.0;2
741000;;;INTARIAN_PEPPER_ROOT;XIRECS;12039.0;8
746600;;;INTARIAN_PEPPER_ROOT;XIRECS;12071.0;6
747300;;;ASH_COATED_OSMIUM;XIRECS;10004.0;5
747900;;;INTARIAN_PEPPER_ROOT;XIRECS;12065.0;10
748000;;;ASH_COATED_OSMIUM;XIRECS;10003.0;9
748300;;;INTARIAN_PEPPER_ROOT;XIRECS;12082.0;9
749000;;;INTARIAN_PEPPER_ROOT;XIRECS;12086.0;4
750500;;;ASH_COATED_OSMIUM;XIRECS;9996.0;7
752000;;;INTARIAN_PEPPER_ROOT;XIRECS;12087.0;5
753500;;;INTARIAN_PEPPER_ROOT;XIRECS;12094.0;8
753800;;;ASH_COATED_OSMIUM;XIRECS;10023.0;7
757600;;;INTARIAN_PEPPER_ROOT;XIRECS;12107.0;10
760000;;;ASH_COATED_OSMIUM;XIRECS;10018.0;8
760700;;;INTARIAN_PEPPER_ROOT;XIRECS;12089.0;9
763700;;;ASH_COATED_OSMIUM;XIRECS;9990.0;6
764400;;;INTARIAN_PEPPER_ROOT;XIRECS;12098.0;3
765400;;;INTARIAN_PEPPER_ROOT;XIRECS;12093.0;9
766700;;;INTARIAN_PEPPER_ROOT;XIRECS;12074.0;3
767700;;;INTARIAN_PEPPER_ROOT;XIRECS;12091.0;10
768900;;;ASH_COATED_OSMIUM;XIRECS;10000.0;3
769400;;;ASH_COATED_OSMIUM;XIRECS;10004.0;4
770100;;;ASH_COATED_OSMIUM;XIRECS;9980.0;4
770600;;;INTARIAN_PEPPER_ROOT;XIRECS;12084.0;7
771300;;;ASH_COATED_OSMIUM;XIRECS;9997.0;9
773400;;;ASH_COATED_OSMIUM;XIRECS;10007.0;6
774200;;;ASH_COATED_OSMIUM;XIRECS;9996.0;5
776900;;;ASH_COATED_OSMIUM;XIRECS;9999.0;3
779200;;;ASH_COATED_OSMIUM;XIRECS;9993.0;7
783200;;;ASH_COATED_OSMIUM;XIRECS;9989.0;4
784000;;;ASH_COATED_OSMIUM;XIRECS;10014.0;3
784300;;;INTARIAN_PEPPER_ROOT;XIRECS;12053.0;10
785000;;;INTARIAN_PEPPER_ROOT;XIRECS;12041.0;5
785500;;;INTARIAN_PEPPER_ROOT;XIRECS;12043.0;10
791100;;;ASH_COATED_OSMIUM;XIRECS;9992.0;5
791300;;;INTARIAN_PEPPER_ROOT;XIRECS;12050.0;3
794500;;;ASH_COATED_OSMIUM;XIRECS;10012.0;10
798600;;;ASH_COATED_OSMIUM;XIRECS;9991.0;8
799300;;;ASH_COATED_OSMIUM;XIRECS;9979.0;10
800700;;;INTARIAN_PEPPER_ROOT;XIRECS;12066.0;5
801600;;;ASH_COATED_OSMIUM;XIRECS;9975.0;3
801800;;;ASH_COATED_OSMIUM;XIRECS;9973.0;6
804000;;;ASH_COATED_OSMIUM;XIRECS;9968.0;9
805600;;;INTARIAN_PEPPER_ROOT;XIRECS;12045.0;5
807100;;;ASH_COATED_OSMIUM;XIRECS;9982.0;3
808400;;;INTARIAN_PEPPER_ROOT;XIRECS;12023.0;4
808800;;;ASH_COATED_OSMIUM;XIRECS;9960.0;8
809400;;;INTARIAN_PEPPER_ROOT;XIRECS;12042.0;7
811200;;;ASH_COATED_OSMIUM;XIRECS;9994.0;6
812800;;;INTARIAN_PEPPER_ROOT;XIRECS;12021.0;2
812900;;;INTARIAN_PEPPER_ROOT;XIRECS;12036.0;4
817400;;;INTARIAN_PEPPER_ROOT;XIRECS;12013.0;6
820000;;;ASH_COATED_OSMIUM;XIRECS;9993.0;2
822500;;;ASH_COATED_OSMIUM;XIRECS;10001.0;8
822600;;;INTARIAN_PEPPER_ROOT;XIRECS;12038.0;2
822900;;;ASH_COATED_OSMIUM;XIRECS;10026.0;8
823300;;;INTARIAN_PEPPER_ROOT;XIRECS;12022.0;4
823700;;;ASH_COATED_OSMIUM;XIRECS;9994.0;10
824500;;;INTARIAN_PEPPER_ROOT;XIRECS;12023.0;8
825100;;;INTARIAN_PEPPER_ROOT;XIRECS;12026.0;5
825400;;;ASH_COATED_OSMIUM;XIRECS;9996.0;6
826400;;;ASH_COATED_OSMIUM;XIRECS;9984.0;8
828800;;;INTARIAN_PEPPER_ROOT;XIRECS;12024.0;6
828900;;;ASH_COATED_OSMIUM;XIRECS;9955.0;2
831400;;;ASH_COATED_OSMIUM;XIRECS;9971.0;3
832200;;;ASH_COATED_OSMIUM;XIRECS;9982.0;2
832900;;;ASH_COATED_OSMIUM;XIRECS;9995.0;10
834200;;;ASH_COATED_OSMIUM;XIRECS;9978.0;7
835800;;;INTARIAN_PEPPER_ROOT;XIRECS;12018.0;9
836100;;;INTARIAN_PEPPER_ROOT;XIRECS;12014.0;3
836800;;;ASH_COATED_OSMIUM;XIRECS;9995.0;9
837300;;;INTARIAN_PEPPER_ROOT;XIRECS;12021.0;7
838000;;;ASH_COATED_OSMIUM;XIRECS;10025.0;10
838400;;;ASH_COATED_OSMIUM;XIRECS;10029.0;10
839600;;;ASH_COATED_OSMIUM;XIRECS;10014.0;5
840600;;;INTARIAN_PEPPER_ROOT;XIRECS;12036.0;9
841700;;;INTARIAN_PEPPER_ROOT;XIRECS;12038.0;9
842300;;;ASH_COATED_OSMIUM;XIRECS;9982.0;8
842900;;;INTARIAN_PEPPER_ROOT;XIRECS;12028.0;6
844800;;;INTARIAN_PEPPER_ROOT;XIRECS;12028.0;7
847800;;;INTARIAN_PEPPER_ROOT;XIRECS;12009.0;7
848100;;;INTARIAN_PEPPER_ROOT;XIRECS;12011.0;8
848500;;;INTARIAN_PEPPER_ROOT;XIRECS;12024.0;8
849700;;;ASH_COATED_OSMIUM;XIRECS;10001.0;3
850200;;;ASH_COATED_OSMIUM;XIRECS;10004.0;5
850500;;;ASH_COATED_OSMIUM;XIRECS;10008.0;5
850700;;;ASH_COATED_OSMIUM;XIRECS;9988.0;4
853400;;;ASH_COATED_OSMIUM;XIRECS;9973.0;2
853700;;;ASH_COATED_OSMIUM;XIRECS;9989.0;3
857900;;;ASH_COATED_OSMIUM;XIRECS;9982.0;6
858700;;;INTARIAN_PEPPER_ROOT;XIRECS;11980.0;4
860000;;;ASH_COATED_OSMIUM;XIRECS;9987.0;9
861100;;;ASH_COATED_OSMIUM;XIRECS;9992.0;5
861200;;;INTARIAN_PEPPER_ROOT;XIRECS;11975.0;6
864700;;;ASH_COATED_OSMIUM;XIRECS;9996.0;9
865000;;;INTARIAN_PEPPER_ROOT;XIRECS;11975.0;6
865500;;;ASH_COATED_OSMIUM;XIRECS;9993.0;2
868600;;;ASH_COATED_OSMIUM;XIRECS;10001.0;4
869500;;;INTARIAN_PEPPER_ROOT;XIRECS;11977.0;7
870400;;;ASH_COATED_OSMIUM;XIRECS;10006.0;9
873800;;;INTARIAN_PEPPER_ROOT;XIRECS;11976.0;5
875700;;;ASH_COATED_OSMIUM;XIRECS;10010.0;6
877700;;;ASH_COATED_OSMIUM;XIRECS;9981.0;8
879600;;;ASH_COATED_OSMIUM;XIRECS;10002.0;4
879800;;;ASH_COATED_OSMIUM;XIRECS;9983.0;3
880400;;;ASH_COATED_OSMIUM;XIRECS;9990.0;7
881100;;;ASH_COATED_OSMIUM;XIRECS;10016.0;9
884000;;;ASH_COATED_OSMIUM;XIRECS;9995.0;3
884700;;;ASH_COATED_OSMIUM;XIRECS;9999.0;6
885100;;;INTARIAN_PEPPER_ROOT;XIRECS;11972.0;5
886600;;;ASH_COATED_OSMIUM;XIRECS;10004.0;10
887900;;;ASH_COATED_OSMIUM;XIRECS;10005.0;10
892900;;;INTARIAN_PEPPER_ROOT;XIRECS;11985.0;6
894500;;;INTARIAN_PEPPER_ROOT;XIRECS;11970.0;6
894600;;;INTARIAN_PEPPER_ROOT;XIRECS;11985.0;9
895700;;;INTARIAN_PEPPER_ROOT;XIRECS;11986.0;9
896300;;;INTARIAN_PEPPER_ROOT;XIRECS;11977.0;2
899000;;;INTARIAN_PEPPER_ROOT;XIRECS;11973.0;2
899700;;;INTARIAN_PEPPER_ROOT;XIRECS;11956.0;9
900000;;;ASH_COATED_OSMIUM;XIRECS;9999.0;9
904400;;;INTARIAN_PEPPER_ROOT;XIRECS;11991.0;9
904500;;;INTARIAN_PEPPER_ROOT;XIRECS;11979.0;7
906800;;;INTARIAN_PEPPER_ROOT;XIRECS;11990.0;10
907500;;;ASH_COATED_OSMIUM;XIRECS;9994.0;8
909500;;;ASH_COATED_OSMIUM;XIRECS;10002.0;6
912000;;;INTARIAN_PEPPER_ROOT;XIRECS;11991.0;2
912100;;;ASH_COATED_OSMIUM;XIRECS;9982.0;2
913400;;;ASH_COATED_OSMIUM;XIRECS;9991.0;4
914400;;;INTARIAN_PEPPER_ROOT;XIRECS;11962.0;9
920900;;;ASH_COATED_OSMIUM;XIRECS;9984.0;8
920900;;;INTARIAN_PEPPER_ROOT;XIRECS;11970.0;3
921200;;;INTARIAN_PEPPER_ROOT;XIRECS;11959.0;6
921500;;;INTARIAN_PEPPER_ROOT;XIRECS;11960.0;4
921800;;;ASH_COATED_OSMIUM;XIRECS;9973.0;5
922300;;;INTARIAN_PEPPER_ROOT;XIRECS;11965.0;10
922500;;;ASH_COATED_OSMIUM;XIRECS;9998.0;5
922800;;;INTARIAN_PEPPER_ROOT;XIRECS;11975.0;7
924600;;;ASH_COATED_OSMIUM;XIRECS;9972.0;10
925700;;;ASH_COATED_OSMIUM;XIRECS;9976.0;2
926200;;;INTARIAN_PEPPER_ROOT;XIRECS;11956.0;7
928200;;;ASH_COATED_OSMIUM;XIRECS;9969.0;5
928800;;;ASH_COATED_OSMIUM;XIRECS;9979.0;9
928900;;;INTARIAN_PEPPER_ROOT;XIRECS;11948.0;2
932200;;;ASH_COATED_OSMIUM;XIRECS;9989.0;3
933700;;;INTARIAN_PEPPER_ROOT;XIRECS;11970.0;9
935900;;;ASH_COATED_OSMIUM;XIRECS;9986.0;3
935900;;;INTARIAN_PEPPER_ROOT;XIRECS;11949.0;3
936700;;;INTARIAN_PEPPER_ROOT;XIRECS;11966.0;4
936900;;;ASH_COATED_OSMIUM;XIRECS;9984.0;4
939500;;;ASH_COATED_OSMIUM;XIRECS;9980.0;7
939700;;;ASH_COATED_OSMIUM;XIRECS;9978.0;3
940300;;;INTARIAN_PEPPER_ROOT;XIRECS;11931.0;5
940500;;;ASH_COATED_OSMIUM;XIRECS;9964.0;3
940700;;;INTARIAN_PEPPER_ROOT;XIRECS;11944.0;9
943600;;;INTARIAN_PEPPER_ROOT;XIRECS;11956.0;4
946800;;;INTARIAN_PEPPER_ROOT;XIRECS;11973.0;10
947300;;;ASH_COATED_OSMIUM;XIRECS;10015.0;3
947900;;;INTARIAN_PEPPER_ROOT;XIRECS;11976.0;4
948900;;;INTARIAN_PEPPER_ROOT;XIRECS;11976.0;8
949100;;;INTARIAN_PEPPER_ROOT;XIRECS;11975.0;6
950500;;;INTARIAN_PEPPER_ROOT;XIRECS;11957.0;4
952200;;;ASH_COATED_OSMIUM;XIRECS;9989.0;3
952700;;;INTARIAN_PEPPER_ROOT;XIRECS;11959.0;9
953500;;;ASH_COATED_OSMIUM;XIRECS;9998.0;3
953500;;;INTARIAN_PEPPER_ROOT;XIRECS;11963.0;8
956200;;;INTARIAN_PEPPER_ROOT;XIRECS;11978.0;9
956600;;;INTARIAN_PEPPER_ROOT;XIRECS;11962.0;8
957400;;;ASH_COATED_OSMIUM;XIRECS;9999.0;9
958000;;;ASH_COATED_OSMIUM;XIRECS;9985.0;3
960600;;;ASH_COATED_OSMIUM;XIRECS;10008.0;8
961500;;;ASH_COATED_OSMIUM;XIRECS;9994.0;7
961500;;;INTARIAN_PEPPER_ROOT;XIRECS;11967.0;7
962000;;;ASH_COATED_OSMIUM;XIRECS;9976.0;4
965000;;;INTARIAN_PEPPER_ROOT;XIRECS;11989.0;10
966500;;;INTARIAN_PEPPER_ROOT;XIRECS;11984.0;8
967600;;;ASH_COATED_OSMIUM;XIRECS;9989.0;2
967900;;;INTARIAN_PEPPER_ROOT;XIRECS;11989.0;2
969100;;;INTARIAN_PEPPER_ROOT;XIRECS;12006.0;4
970300;;;INTARIAN_PEPPER_ROOT;XIRECS;11977.0;2
970600;;;INTARIAN_PEPPER_ROOT;XIRECS;11991.0;2
975100;;;INTARIAN_PEPPER_ROOT;XIRECS;11976.0;2
976200;;;ASH_COATED_OSMIUM;XIRECS;10039.0;5
976300;;;INTARIAN_PEPPER_ROOT;XIRECS;11969.0;9
981500;;;INTARIAN_PEPPER_ROOT;XIRECS;11953.0;6
982200;;;INTARIAN_PEPPER_ROOT;XIRECS;11971.0;10
982400;;;INTARIAN_PEPPER_ROOT;XIRECS;11969.0;3
982800;;;INTARIAN_PEPPER_ROOT;XIRECS;11972.0;5
984900;;;ASH_COATED_OSMIUM;XIRECS;9996.0;7
985900;;;INTARIAN_PEPPER_ROOT;XIRECS;11955.0;8
986500;;;INTARIAN_PEPPER_ROOT;XIRECS;11960.0;4
988200;;;ASH_COATED_OSMIUM;XIRECS;10021.0;4
990400;;;INTARIAN_PEPPER_ROOT;XIRECS;11965.0;7
991000;;;INTARIAN_PEPPER_ROOT;XIRECS;11969.0;6
992400;;;ASH_COATED_OSMIUM;XIRECS;10006.0;9
992600;;;INTARIAN_PEPPER_ROOT;XIRECS;11973.0;3
996200;;;ASH_COATED_OSMIUM;XIRECS;9996.0;2
