day;timestamp;product;bid_price_1;bid_volume_1;bid_price_2;bid_volume_2;bid_price_3;bid_volume_3;ask_price_1;ask_volume_1;ask_price_2;ask_volume_2;ask_price_3;ask_volume_3;mid_price;profit_and_loss
1;0;VELVETFRUIT_EXTRACT;5293;64;;;;;5298;22;5299;42;;;5295.5;0.0
1;0;VEV_4000;1285;9;1282;30;;;1307;9;1309;30;;;1296.0;0.0
1;0;VEV_5100;199;21;;;;;204;7;205;14;;;201.5;0.0
1;0;VEV_5200;118;7;117;14;;;121;21;;;;;119.5;0.0
1;0;VEV_5000;293;21;;;;;300;7;301;14;;;296.5;0.0
1;0;VEV_6000;0;21;;;;;1;21;;;;;0.5;0.0
1;0;VEV_5500;6;21;;;;;8;21;;;;;7.0;0.0
1;0;HYDROGEL_PACK;10000;10;9998;25;;;10016;10;10019;25;;;10008.0;0.0
1;0;VEV_4500;787;7;785;14;;;804;7;806;14;;;795.5;0.0
1;0;VEV_6500;0;11;;;;;1;11;;;;;0.5;0.0
1;0;VEV_5300;57;21;;;;;59;7;60;14;;;58.0;0.0
1;0;VEV_5400;20;21;;;;;21;21;;;;;20.5;0.0
1;100;VELVETFRUIT_EXTRACT;5294;16;5293;37;;;5299;53;;;;;5296.5;0.0
1;100;HYDROGEL_PACK;10000;11;9997;28;;;10016;11;10018;28;;;10008.0;-315.75
1;100;VEV_4000;1296;4;1285;8;1283;20;1307;8;1310;20;;;1301.5;0.0
1;100;VEV_5100;202;4;200;7;199;20;205;27;;;;;203.5;0.0
1;100;VEV_5200;119;4;118;27;;;121;7;122;20;;;120.0;-49.6669921875
1;100;VEV_5000;297;4;294;7;293;20;301;7;302;20;;;299.0;0.0
1;100;VEV_6000;0;22;;;;;1;18;;;;;0.5;0.0
1;100;VEV_5500;7;4;6;18;;;8;18;;;;;7.5;0.0
1;100;VEV_4500;796;4;788;7;786;20;805;7;807;20;;;800.5;0.0
1;100;VEV_6500;0;18;;;;;1;14;;;;;0.5;0.0
1;100;VEV_5300;58;4;57;18;;;60;18;;;;;59.0;-31.7161865234375
1;100;VEV_5400;20;22;;;;;21;18;;;;;20.5;0.0
1;200;VEV_4000;1286;14;1283;25;;;1307;14;1310;25;;;1296.5;-2.19775390625
1;200;VEV_5100;200;6;199;14;;;205;6;206;14;;;202.5;-19.472412109375
1;200;VEV_5200;118;20;;;;;122;20;;;;;120.0;-113.5390625
1;200;VEV_5000;294;20;;;;;301;6;302;14;;;297.5;-3.048095703125
1;200;VEV_6000;0;21;;;;;1;21;;;;;0.5;0.0
1;200;VEV_5500;7;7;6;14;;;8;21;;;;;7.5;-0.3468360900878906
1;200;HYDROGEL_PACK;10000;10;9997;20;;;10016;10;10018;20;;;10008.0;-317.65625
1;200;VEV_4500;788;6;786;14;;;805;6;807;14;;;796.5;-2.19775390625
1;200;VEV_6500;0;14;;;;;1;14;;;;;0.5;0.0
1;200;VEV_5300;57;21;;;;;60;21;;;;;58.5;-68.833251953125
1;200;VEV_5400;20;21;;;;;21;21;;;;;20.5;-11.24267578125
1;200;VELVETFRUIT_EXTRACT;5294;20;5293;42;;;5299;20;5300;42;;;5296.5;-172.125
1;300;VEV_5500;6;27;;;;;8;27;;;;;7.0;-0.8682479858398438
1;300;VEV_4500;788;7;786;18;;;805;7;807;18;;;796.5;-1.472900390625
1;300;VEV_6500;0;19;;;;;1;19;;;;;0.5;0.0
1;300;VEV_5300;57;27;;;;;60;27;;;;;58.5;-98.985107421875
1;300;VEV_5400;20;27;;;;;21;27;;;;;20.5;-9.97235107421875
1;300;VELVETFRUIT_EXTRACT;5294;23;5293;42;;;5299;23;5300;42;;;5296.5;-162.5
1;300;HYDROGEL_PACK;9996;10;9994;20;;;10012;10;10015;20;;;10004.0;-200.875
1;300;VEV_4000;1285;13;1283;22;;;1307;13;1310;22;;;1296.0;-1.47265625
1;300;VEV_5100;200;7;199;18;;;205;25;;;;;202.5;-17.669189453125
1;300;VEV_5200;118;25;;;;;122;25;;;;;120.0;-143.021484375
1;300;VEV_5000;294;7;293;18;;;301;7;302;18;;;297.5;-2.3272705078125
1;300;VEV_6000;0;27;;;;;1;27;;;;;0.5;0.0
1;400;VELVETFRUIT_EXTRACT;5293;15;5292;47;;;5298;15;5299;47;;;5295.5;-112.375
1;400;VEV_4000;1285;12;1282;21;;;1306;12;1309;21;;;1295.5;2.3115234375
1;400;VEV_5200;117;24;;;;;121;24;;;;;119.0;-119.9921875
1;400;VEV_5100;199;11;198;13;;;204;24;;;;;201.5;-8.18505859375
1;400;VEV_5000;293;11;292;13;;;300;11;301;13;;;296.5;1.38037109375
1;400;VEV_6000;0;28;;;;;1;28;;;;;0.5;0.0
1;400;HYDROGEL_PACK;9995;11;9993;30;;;10011;11;10014;30;;;10003.0;-167.4375
1;400;VEV_4500;787;11;785;13;;;804;11;806;13;;;795.5;2.311279296875
1;400;VEV_5500;6;28;;;;;8;28;;;;;7.0;0.1608428955078125
1;400;VEV_5400;19;28;;;;;21;28;;;;;20.0;-4.801971435546875
1;400;VEV_6500;0;15;;;;;1;15;;;;;0.5;0.0
1;400;VEV_5300;57;28;;;;;59;9;60;19;;;58.0;-100.4365234375
1;500;VELVETFRUIT_EXTRACT;5292;52;;;;;5297;16;5298;36;;;5294.5;-81.125
1;500;HYDROGEL_PACK;9998;10;9995;22;;;10014;10;10016;22;;;10006.0;-257.65625
1;500;VEV_4000;1284;15;1281;27;;;1306;15;1308;27;;;1295.0;4.66943359375
1;500;VEV_5200;117;26;;;;;120;8;121;18;;;118.5;-120.671875
1;500;VEV_5100;198;26;;;;;203;8;204;18;;;200.5;-2.27783203125
1;500;VEV_5000;293;8;292;18;;;300;26;;;;;296.5;3.6961669921875
1;500;VEV_6000;0;26;;;;;1;26;;;;;0.5;0.0
1;500;VEV_4500;786;8;784;18;;;803;8;805;18;;;794.5;4.669677734375
1;500;VEV_5500;6;26;;;;;8;26;;;;;7.0;0.7948379516601562
1;500;VEV_5400;19;26;;;;;21;26;;;;;20.0;-1.835906982421875
1;500;VEV_6500;0;15;;;;;1;15;;;;;0.5;0.0
1;500;VEV_5300;57;26;;;;;59;26;;;;;58.0;-100.591796875
1;600;VEV_4000;1284;13;1282;21;;;1306;13;1309;21;;;1295.0;2.78515625
1;600;VEV_5200;117;20;;;;;121;20;;;;;119.0;-167.638671875
1;600;VEV_5100;199;7;198;13;;;204;20;;;;;201.5;-6.95703125
1;600;VEV_5000;293;7;292;13;;;300;7;301;13;;;296.5;1.8570556640625
1;600;VEV_6000;0;29;;;;;1;29;;;;;0.5;0.0
1;600;HYDROGEL_PACK;9999;12;9996;29;;;10015;12;10017;29;;;10007.0;-279.21875
1;600;VEV_4500;787;7;785;13;;;804;7;806;13;;;795.5;2.785400390625
1;600;VEV_5500;6;29;;;;;8;29;;;;;7.0;0.374420166015625
1;600;VEV_5400;19;29;;;;;21;29;;;;;20.0;-5.193756103515625
1;600;VEV_6500;0;18;;;;;1;18;;;;;0.5;0.0
1;600;VEV_5300;57;29;;;;;59;29;;;;;58.0;-156.51953125
1;600;VELVETFRUIT_EXTRACT;5293;20;5292;34;;;5298;54;;;;;5295.5;-106.09375
1;700;VEV_4500;787;8;785;12;;;804;8;806;12;;;795.5;0.344482421875
1;700;VEV_5500;6;23;;;;;8;23;;;;;7.0;-0.28256988525390625
1;700;VEV_5400;20;23;;;;;21;23;;;;;20.5;-8.941650390625
1;700;VEV_6500;0;13;;;;;1;13;;;;;0.5;0.0
1;700;VEV_5300;57;23;;;;;60;23;;;;;58.5;-242.4130859375
1;700;VELVETFRUIT_EXTRACT;5293;53;;;;;5299;53;;;;;5296.0;-196.71875
1;700;HYDROGEL_PACK;9997;13;9994;29;;;10013;13;10015;29;;;10005.0;-216.3125
1;700;VEV_4000;1285;14;1282;29;;;1307;14;1309;29;;;1296.0;0.34423828125
1;700;VEV_5200;118;20;;;;;121;8;122;12;;;119.5;-275.779296875
1;700;VEV_5100;199;20;;;;;204;8;205;12;;;201.5;-33.5234375
1;700;VEV_5000;294;8;293;12;;;301;20;;;;;297.5;-0.5208740234375
1;700;VEV_6000;0;23;;;;;1;23;;;;;0.5;0.0
1;800;VELVETFRUIT_EXTRACT;5295;23;5294;37;;;5300;60;;;;;5297.5;-292.46875
1;800;VEV_4000;1286;10;1284;20;;;1308;10;1311;20;;;1297.0;-4.90185546875
1;800;VEV_5200;119;28;;;;;122;6;123;22;;;120.5;-460.857421875
1;800;VEV_5100;201;6;200;22;;;206;28;;;;;203.5;-54.80322265625
1;800;VEV_5000;295;6;294;22;;;302;6;303;22;;;298.5;-5.642578125
1;800;VEV_6000;0;15;;;;;1;15;;;;;0.5;0.0
1;800;VEV_4500;789;6;787;22;;;806;6;808;22;;;797.5;-4.90185546875
1;800;VEV_5500;7;15;;;;;8;15;;;;;7.5;-1.6865081787109375
1;800;VEV_5400;20;15;;;;;21;5;22;10;;;20.5;-33.25238037109375
1;800;VEV_6500;0;19;;;;;1;19;;;;;0.5;0.0
1;800;HYDROGEL_PACK;9994;14;9991;27;;;10010;14;10012;27;;;10002.0;-112.28125
1;800;VEV_5300;58;15;;;;;60;15;;;;;59.0;-358.6435546875
1;900;VELVETFRUIT_EXTRACT;5296;10;5294;46;;;5299;16;5300;30;;;5297.5;-292.5
1;900;HYDROGEL_PACK;9992;14;9989;24;;;10008;14;10010;24;;;10000.0;-41.46875
1;900;VEV_5200;118;22;;;;;122;22;;;;;120.0;-427.671875
1;900;VEV_4000;1286;11;1283;19;;;1308;11;1310;19;;;1297.0;-2.77197265625
1;900;VEV_5100;200;22;;;;;205;9;206;13;;;202.5;-55.64599609375
1;900;VEV_5000;294;22;;;;;301;9;302;13;;;297.5;-3.553466796875
1;900;VEV_6000;0;22;;;;;1;22;;;;;0.5;0.0
1;900;VEV_4500;788;9;786;13;;;805;9;807;13;;;796.5;-2.771728515625
1;900;VEV_5500;7;5;6;17;;;8;22;;;;;7.5;-2.71246337890625
1;900;VEV_5400;20;22;;;;;21;22;;;;;20.5;-28.10491943359375
1;900;VEV_6500;0;15;;;;;1;15;;;;;0.5;0.0
1;900;VEV_5300;58;5;57;17;;;60;22;;;;;59.0;-323.9501953125
1;1000;VEV_5200;119;9;118;23;;;122;32;;;;;120.5;-456.08984375
1;1000;VEV_6500;0;17;;;;;1;17;;;;;0.5;0.0
1;1000;VEV_4000;1286;13;1283;22;;;1308;13;1310;22;;;1297.0;-3.6484375
1;1000;VEV_5100;200;32;;;;;205;9;206;23;;;202.5;-60.685546875
1;1000;VEV_5000;295;9;294;23;;;302;32;;;;;298.5;-4.4151611328125
1;1000;VEV_6000;0;22;;;;;1;22;;;;;0.5;0.0
1;1000;VEV_4500;788;9;786;23;;;805;9;807;23;;;796.5;-3.648193359375
1;1000;VEV_5500;7;22;;;;;8;22;;;;;7.5;-3.4022216796875
1;1000;VEV_5400;20;22;;;;;21;22;;;;;20.5;-30.33282470703125
1;1000;HYDROGEL_PACK;9995;15;9993;22;;;10011;15;10014;22;;;10003.0;-161.9375
1;1000;VEV_5300;58;22;;;;;60;22;;;;;59.0;-354.9931640625
1;1000;VELVETFRUIT_EXTRACT;5294;58;;;;;5300;58;;;;;5297.0;-322.6875
1;1100;VEV_4500;789;10;787;15;;;806;10;808;15;;;797.5;-7.427001953125
1;1100;VEV_5500;7;24;;;;;8;24;;;;;7.5;-10.78558349609375
1;1100;VEV_5400;20;24;;;;;22;24;;;;;21.0;-41.02313232421875
1;1100;VEV_5300;58;24;;;;;61;24;;;;;59.5;-470.7626953125
1;1100;VEV_6500;0;15;;;;;1;15;;;;;0.5;0.0
1;1100;VEV_6000;0;24;;;;;1;24;;;;;0.5;0.0
1;1100;VELVETFRUIT_EXTRACT;5295;50;;;;;5300;18;5301;32;;;5297.5;-422.8125
1;1100;HYDROGEL_PACK;9997;14;9994;26;;;10013;14;10016;26;;;10005.0;-225.0
1;1100;VEV_5200;119;25;;;;;123;25;;;;;121.0;-608.00390625
1;1100;VEV_4000;1287;11;1284;18;;;1309;11;1311;18;;;1298.0;-7.4267578125
1;1100;VEV_5100;201;25;;;;;206;10;207;15;;;203.5;-81.53369140625
1;1100;VEV_5000;296;10;295;15;;;303;25;;;;;299.5;-8.10693359375
1;1200;VELVETFRUIT_EXTRACT;5296;15;5295;41;;;5301;56;;;;;5298.5;-458.0
1;1200;VEV_5200;120;10;119;23;;;123;33;;;;;121.5;-661.599609375
1;1200;VEV_6500;0;21;;;;;1;21;;;;;0.5;0.0
1;1200;VEV_4000;1287;11;1285;28;;;1309;11;1312;28;;;1298.0;-8.75341796875
1;1200;VEV_5100;201;33;;;;;207;33;;;;;204.0;-88.92138671875
1;1200;VEV_5000;296;10;295;23;;;303;10;304;23;;;299.5;-9.406982421875
1;1200;VEV_6000;0;26;;;;;1;26;;;;;0.5;0.0
1;1200;VEV_4500;790;10;788;23;;;807;10;809;23;;;798.5;-8.75341796875
1;1200;VEV_5500;7;26;;;;;8;26;;;;;7.5;-12.31121826171875
1;1200;VEV_5400;20;26;;;;;22;26;;;;;21.0;-45.208984375
1;1200;HYDROGEL_PACK;9994;12;9992;22;;;10010;12;10013;22;;;10002.0;-132.375
1;1200;VEV_5300;58;26;;;;;61;26;;;;;59.5;-500.1884765625
1;1300;VEV_6000;0;23;;;;;1;23;;;;;0.5;0.0
1;1300;VELVETFRUIT_EXTRACT;5296;25;5295;32;;;5301;25;5302;32;;;5298.5;-533.0625
1;1300;HYDROGEL_PACK;10004;9;9997;13;9994;30;10013;13;10015;30;;;10008.5;-212.25
1;1300;VEV_5200;120;23;;;;;123;8;124;15;;;121.5;-789.818359375
1;1300;VEV_4000;1288;9;1285;17;;;1309;9;1312;17;;;1298.5;-10.1494140625
1;1300;VEV_5100;202;8;201;15;;;207;23;;;;;204.5;-96.451171875
1;1300;VEV_5000;296;8;295;15;;;303;8;304;15;;;299.5;-10.7877197265625
1;1300;VEV_4500;790;8;788;15;;;807;8;809;15;;;798.5;-10.149658203125
1;1300;VEV_5500;7;23;;;;;8;23;;;;;7.5;-21.147216796875
1;1300;VEV_5400;20;23;;;;;22;23;;;;;21.0;-48.54864501953125
1;1300;VEV_5300;58;23;;;;;61;23;;;;;59.5;-532.9208984375
1;1300;VEV_6500;0;17;;;;;1;17;;;;;0.5;0.0
1;1400;VEV_5200;119;31;;;;;123;31;;;;;121.0;-715.91796875
1;1400;VEV_6500;0;19;;;;;1;19;;;;;0.5;0.0
1;1400;VEV_4000;1287;12;1284;29;;;1309;12;1311;29;;;1298.0;-7.86474609375
1;1400;VEV_5100;201;31;;;;;206;10;207;21;;;203.5;-83.8544921875
1;1400;VEV_5000;296;10;295;21;;;303;31;;;;;299.5;-8.5577392578125
1;1400;VEV_6000;0;22;;;;;1;22;;;;;0.5;0.0
1;1400;VEV_4500;789;10;787;21;;;806;10;808;21;;;797.5;-7.86474609375
1;1400;VEV_5500;7;22;;;;;8;22;;;;;7.5;-16.7669677734375
1;1400;VEV_5400;20;22;;;;;22;22;;;;;21.0;-41.510009765625
1;1400;HYDROGEL_PACK;9999;10;9997;24;;;10015;10;10018;24;;;10007.0;-297.3125
1;1400;VEV_5300;58;22;;;;;61;22;;;;;59.5;-469.40625
1;1400;VELVETFRUIT_EXTRACT;5295;49;;;;;5301;49;;;;;5298.0;-463.9375
1;1500;VEV_4500;789;12;787;13;;;806;12;808;13;;;797.5;-7.154541015625
1;1500;VEV_5300;58;23;;;;;61;23;;;;;59.5;-451.2021484375
1;1500;VEV_5400;20;23;;;;;22;23;;;;;21.0;-40.3487548828125
1;1500;VEV_6500;0;15;;;;;1;15;;;;;0.5;0.0
1;1500;VEV_5500;7;23;;;;;8;23;;;;;7.5;-15.544189453125
1;1500;VEV_6000;0;23;;;;;1;23;;;;;0.5;0.0
1;1500;VEV_5000;295;25;;;;;302;12;303;13;;;298.5;-7.8609619140625
1;1500;VELVETFRUIT_EXTRACT;5295;67;;;;;5300;25;5301;42;;;5297.5;-442.4375
1;1500;VEV_5100;201;25;;;;;206;12;207;13;;;203.5;-79.98486328125
1;1500;HYDROGEL_PACK;10002;10;9999;20;;;10018;10;10020;20;;;10010.0;-392.375
1;1500;VEV_5200;119;25;;;;;123;25;;;;;121.0;-677.79296875
1;1500;VEV_4000;1287;13;1284;22;;;1309;13;1311;22;;;1298.0;-7.15478515625
1;1600;VELVETFRUIT_EXTRACT;5295;18;5294;45;;;5300;18;5301;45;;;5297.5;-406.0625
1;1600;VEV_5300;58;22;;;;;60;6;61;16;;;59.0;-417.1328125
1;1600;VEV_5400;20;22;;;;;22;22;;;;;21.0;-37.977783203125
1;1600;VEV_6500;0;13;;;;;1;13;;;;;0.5;0.0
1;1600;VEV_4000;1287;12;1284;21;;;1308;12;1311;21;;;1297.5;-5.95263671875
1;1600;VEV_5500;7;22;;;;;8;22;;;;;7.5;-12.95294189453125
1;1600;VEV_6000;0;22;;;;;1;22;;;;;0.5;0.0
1;1600;VEV_4500;789;12;787;15;;;806;12;808;15;;;797.5;-5.952880859375
1;1600;VEV_5000;295;12;294;15;;;302;12;303;15;;;298.5;-6.68310546875
1;1600;VEV_5100;201;12;200;15;;;206;27;;;;;203.5;-73.5048828125
1;1600;HYDROGEL_PACK;10001;13;9999;28;;;10017;13;10020;28;;;10009.0;-375.15625
1;1600;VEV_5200;119;27;;;;;122;12;123;15;;;120.5;-613.279296875
1;1700;VEV_6000;0;27;;;;;1;27;;;;;0.5;0.0
1;1700;VEV_5000;296;10;295;12;;;303;10;304;12;;;299.5;-9.9482421875
1;1700;VELVETFRUIT_EXTRACT;5296;20;5295;43;;;5301;63;;;;;5298.5;-506.8125
1;1700;VEV_5100;202;10;201;12;;;207;22;;;;;204.5;-91.66552734375
1;1700;HYDROGEL_PACK;10000;13;9998;25;;;10008;8;10016;13;10019;25;10004.0;-341.21875
1;1700;VEV_5200;120;10;119;12;;;123;22;;;;;121.5;-828.35546875
1;1700;VEV_4000;1287;14;1285;17;;;1309;14;1312;17;;;1298.0;-9.28369140625
1;1700;VEV_4500;790;10;788;12;;;807;10;809;12;;;798.5;-9.283447265625
1;1700;VEV_5300;58;27;;;;;61;27;;;;;59.5;-509.1357421875
1;1700;VEV_5400;20;27;;;;;22;27;;;;;21.0;-47.62872314453125
1;1700;VEV_6500;0;15;;;;;1;15;;;;;0.5;0.0
1;1700;VEV_5500;7;27;;;;;8;27;;;;;7.5;-18.33905029296875
1;1800;VEV_5300;59;22;;;;;61;22;;;;;60.0;-596.958984375
1;1800;VEV_5400;21;8;20;14;;;22;22;;;;;21.5;-56.6875
1;1800;VEV_6500;0;14;;;;;1;14;;;;;0.5;0.0
1;1800;VEV_4000;1288;10;1286;21;;;1310;10;1313;21;;;1299.0;-12.1611328125
1;1800;VEV_5500;7;22;;;;;8;22;;;;;7.5;-23.3560791015625
1;1800;VEV_6000;0;22;;;;;1;22;;;;;0.5;0.0
1;1800;VEV_4500;791;8;789;18;;;808;8;810;18;;;799.5;-12.160888671875
1;1800;VEV_5000;297;8;296;18;;;304;26;;;;;300.5;-12.75341796875
1;1800;VEV_5100;202;26;;;;;207;8;208;18;;;204.5;-135.53173828125
1;1800;VEV_5200;120;26;;;;;124;26;;;;;122.0;-1024.5703125
1;1800;HYDROGEL_PACK;9998;15;9995;27;;;10014;15;10016;27;;;10006.0;-251.90625
1;1800;VELVETFRUIT_EXTRACT;5296;53;;;;;5302;53;;;;;5299.0;-593.875
1;1900;VEV_4500;790;7;788;19;;;807;7;809;19;;;798.5;-11.618896484375
1;1900;VEV_5300;59;21;;;;;61;21;;;;;60.0;-601.650390625
1;1900;VEV_5400;20;21;;;;;22;21;;;;;21.0;-57.444580078125
1;1900;VEV_6500;0;13;;;;;1;13;;;;;0.5;0.0
1;1900;VEV_5500;7;21;;;;;8;21;;;;;7.5;-22.62890625
1;1900;VEV_6000;0;21;;;;;1;21;;;;;0.5;0.0
1;1900;VEV_5000;297;7;296;19;;;304;26;;;;;300.5;-12.1988525390625
1;1900;VELVETFRUIT_EXTRACT;5296;68;;;;;5298;9;5302;68;;;5297.0;-577.5
1;1900;VEV_5100;202;26;;;;;207;7;208;19;;;204.5;-131.33447265625
1;1900;VEV_5200;120;26;;;;;123;7;124;19;;;121.5;-996.9140625
1;1900;HYDROGEL_PACK;10001;10;9999;27;;;10017;10;10020;27;;;10009.0;-371.59375
1;1900;VEV_4000;1288;10;1285;23;;;1310;10;1312;23;;;1299.0;-11.61865234375
1;2000;VELVETFRUIT_EXTRACT;5294;64;;;;;5299;24;5300;40;;;5296.5;-328.8125
1;2000;VEV_5300;58;8;57;18;;;60;26;;;;;59.0;-350.87890625
1;2000;VEV_5400;20;26;;;;;21;8;22;18;;;20.5;-30.6253662109375
1;2000;VEV_6500;0;18;;;;;1;18;;;;;0.5;0.0
1;2000;VEV_4000;1286;15;1283;19;;;1308;15;1310;19;;;1297.0;-3.3984375
1;2000;VEV_5500;6;26;;;;;8;26;;;;;7.0;-5.298828125
1;2000;VEV_4500;788;10;786;17;;;805;10;807;17;;;796.5;-3.3984375
1;2000;VEV_6000;0;26;;;;;1;26;;;;;0.5;0.0
1;2000;VEV_5000;295;10;294;17;;;302;27;;;;;298.5;-4.13232421875
1;2000;VEV_5100;200;27;;;;;205;10;206;17;;;202.5;-87.2333984375
1;2000;VEV_5200;119;10;118;17;;;122;27;;;;;120.5;-538.59375
1;2000;HYDROGEL_PACK;10002;14;10000;29;;;10018;14;10021;29;;;10010.0;-401.84375
1;2100;VEV_6000;0;28;;;;;1;28;;;;;0.5;0.0
1;2100;VEV_5000;295;12;294;14;;;302;26;;;;;298.5;-4.89306640625
1;2100;VEV_4000;1286;7;1284;23;;;1308;7;1311;23;;;1297.0;-4.16943359375
1;2100;VEV_5100;200;26;;;;;205;12;206;14;;;202.5;-98.138671875
1;2100;VELVETFRUIT_EXTRACT;5294;68;;;;;5300;68;;;;;5297.0;-352.125
1;2100;VEV_5200;119;12;118;14;;;122;26;;;;;120.5;-576.34375
1;2100;HYDROGEL_PACK;10006;12;10004;29;;;10022;12;10025;29;;;10014.0;-543.75
1;2100;VEV_6500;0;15;;;;;1;15;;;;;0.5;0.0
1;2100;VEV_5300;58;28;;;;;60;28;;;;;59.0;-370.96875
1;2100;VEV_5400;20;28;;;;;22;28;;;;;21.0;-32.3399658203125
1;2100;VEV_5500;7;9;6;19;;;8;28;;;;;7.5;-7.40191650390625
1;2100;VEV_4500;789;12;787;14;;;806;12;808;14;;;797.5;-4.169677734375
1;2200;VEV_6500;0;20;;;;;1;20;;;;;0.5;0.0
1;2200;VEV_5300;58;22;;;;;61;22;;;;;59.5;-558.0029296875
1;2200;VEV_5400;20;22;;;;;22;22;;;;;21.0;-51.095947265625
1;2200;VEV_5500;7;22;;;;;8;22;;;;;7.5;-18.97369384765625
1;2200;VEV_4500;790;7;788;16;;;807;7;809;16;;;798.5;-10.048828125
1;2200;VEV_5000;296;7;295;16;;;303;7;304;16;;;299.5;-10.6651611328125
1;2200;VEV_6000;0;22;;;;;1;22;;;;;0.5;0.0
1;2200;VEV_4000;1288;7;1285;24;;;1309;7;1312;24;;;1298.5;-10.048828125
1;2200;VEV_5100;202;7;201;16;;;207;23;;;;;204.5;-178.66796875
1;2200;VEV_5200;120;7;119;16;;;123;23;;;;;121.5;-910.515625
1;2200;HYDROGEL_PACK;10006;12;10004;28;;;10022;12;10025;28;;;10014.0;-554.4375
1;2200;VELVETFRUIT_EXTRACT;5296;21;5295;48;;;5301;21;5302;48;;;5298.5;-530.0
1;2300;VEV_6500;0;13;;;;;1;13;;;;;0.5;0.0
1;2300;VEV_5300;57;23;;;;;60;23;;;;;58.5;-284.3701171875
1;2300;VEV_5400;20;23;;;;;21;23;;;;;20.5;-22.8968505859375
1;2300;VEV_5500;6;23;;;;;8;23;;;;;7.0;-2.74481201171875
1;2300;VEV_4500;788;9;786;22;;;805;9;807;22;;;796.5;-1.662109375
1;2300;VEV_5000;294;9;293;22;;;301;9;302;22;;;297.5;-2.4598388671875
1;2300;VEV_6000;0;23;;;;;1;23;;;;;0.5;0.0
1;2300;VEV_4000;1286;13;1283;27;;;1307;13;1310;27;;;1296.5;-1.662109375
1;2300;VEV_5100;200;9;199;22;;;205;31;;;;;202.5;-63.8955078125
1;2300;VELVETFRUIT_EXTRACT;5294;24;5293;46;;;5299;24;5300;46;;;5296.5;-276.25
1;2300;VEV_5200;118;31;;;;;122;31;;;;;120.0;-444.6640625
1;2300;HYDROGEL_PACK;10005;14;10003;20;;;10021;14;10024;20;;;10013.0;-507.9375
1;2400;VELVETFRUIT_EXTRACT;5294;54;;;;;5300;54;;;;;5297.0;-357.1875
1;2400;VEV_6500;0;14;;;;;1;14;;;;;0.5;0.0
1;2400;VEV_5300;58;25;;;;;60;25;;;;;59.0;-368.580078125
1;2400;VEV_5400;20;25;;;;;22;25;;;;;21.0;-31.9490966796875
1;2400;VEV_5500;6;25;;;;;8;25;;;;;7.0;-6.57086181640625
1;2400;VEV_4500;789;8;787;18;;;806;8;808;18;;;797.5;-4.336669921875
1;2400;VEV_5000;295;8;294;18;;;302;26;;;;;298.5;-5.071044921875
1;2400;VEV_6000;0;25;;;;;1;25;;;;;0.5;0.0
1;2400;VEV_4000;1286;14;1284;23;;;1308;14;1311;23;;;1297.0;-4.3369140625
1;2400;VEV_5100;200;26;;;;;206;26;;;;;203.0;-100.9423828125
1;2400;VEV_5200;119;8;118;18;;;122;26;;;;;120.5;-587.078125
1;2400;HYDROGEL_PACK;10014;4;10007;10;10004;24;10023;10;10025;24;;;10018.5;-573.78125
1;2500;VEV_5000;293;12;292;19;;;300;12;301;19;;;296.5;2.711181640625
1;2500;VEV_6000;0;19;;;;;1;19;;;;;0.5;0.0
1;2500;VEV_4000;1284;12;1282;23;;;1306;12;1309;23;;;1295.0;3.62548828125
1;2500;VEV_5100;199;12;198;19;;;204;31;;;;;201.5;7.8544921875
1;2500;VELVETFRUIT_EXTRACT;5292;68;;;;;5298;68;;;;;5295.0;-116.375
1;2500;VEV_5200;117;31;;;;;121;31;;;;;119.0;-148.8671875
1;2500;HYDROGEL_PACK;10006;14;10004;28;;;10022;14;10025;28;;;10014.0;-553.53125
1;2500;VEV_6500;0;14;;;;;1;14;;;;;0.5;0.0
1;2500;VEV_5300;57;19;;;;;59;19;;;;;58.0;-111.994140625
1;2500;VEV_5400;19;19;;;;;21;19;;;;;20.0;-4.604248046875
1;2500;VEV_5500;6;19;;;;;7;19;;;;;6.5;9.28472900390625
1;2500;VEV_4500;787;12;785;19;;;804;12;806;19;;;795.5;3.62548828125
1;2600;VEV_5400;19;16;;;;;21;16;;;;;20.0;-3.30859375
1;2600;VEV_6500;0;20;;;;;1;20;;;;;0.5;0.0
1;2600;VEV_5300;57;16;;;;;59;16;;;;;58.0;-103.021484375
1;2600;VEV_4500;787;6;785;19;;;804;6;805;19;;;795.5;3.767578125
1;2600;VEV_5500;6;16;;;;;7;16;;;;;6.5;9.77197265625
1;2600;VEV_5000;293;6;292;19;;;300;25;;;;;296.5;2.855712890625
1;2600;VEV_6000;0;16;;;;;1;16;;;;;0.5;0.0
1;2600;VEV_4000;1284;7;1282;30;;;1306;7;1309;30;;;1295.0;3.767578125
1;2600;VEV_5200;117;25;;;;;121;25;;;;;119.0;-145.20703125
1;2600;VEV_5100;199;6;198;19;;;204;25;;;;;201.5;9.115234375
1;2600;HYDROGEL_PACK;10007;13;10004;22;;;10023;13;10025;22;;;10015.0;-568.03125
1;2600;VELVETFRUIT_EXTRACT;5292;52;;;;;5295;5;5298;52;;;5293.5;-112.0
1;2700;VEV_5400;19;27;;;;;21;27;;;;;20.0;3.025634765625
1;2700;VEV_6500;0;19;;;;;1;19;;;;;0.5;0.0
1;2700;VEV_5300;56;27;;;;;59;27;;;;;57.5;-26.083984375
1;2700;VEV_4500;786;9;784;22;;;803;9;805;22;;;794.5;6.227294921875
1;2700;VEV_5500;6;27;;;;;7;27;;;;;6.5;15.9794921875
1;2700;VEV_5000;292;9;291;22;;;299;9;300;22;;;295.5;5.2603759765625
1;2700;VEV_6000;0;27;;;;;1;27;;;;;0.5;0.0
1;2700;VEV_4000;1284;13;1281;27;;;1305;13;1308;27;;;1294.5;6.2275390625
1;2700;VEV_5200;117;9;116;22;;;120;31;;;;;118.5;-8.35546875
1;2700;VELVETFRUIT_EXTRACT;5292;25;5291;43;;;5297;25;5298;43;;;5294.5;-37.625
1;2700;VEV_5100;198;31;;;;;203;9;204;22;;;200.5;42.91796875
1;2700;HYDROGEL_PACK;10003;14;10001;26;;;10019;14;10022;26;;;10011.0;-437.9375
1;2800;VELVETFRUIT_EXTRACT;5291;20;5290;46;;;5296;20;5297;46;;;5293.5;61.1875
1;2800;VEV_5400;19;25;;;;;21;25;;;;;20.0;14.0714111328125
1;2800;VEV_6500;0;18;;;;;1;18;;;;;0.5;0.0
1;2800;VEV_5300;56;25;;;;;58;5;59;20;;;57.0;75.408203125
1;2800;VEV_4500;785;6;783;17;;;802;6;804;17;;;793.5;9.494873046875
1;2800;VEV_5500;6;25;;;;;7;25;;;;;6.5;22.16619873046875
1;2800;VEV_5000;291;23;;;;;298;6;299;17;;;294.5;8.470947265625
1;2800;VEV_6000;0;25;;;;;1;25;;;;;0.5;0.0
1;2800;VEV_4000;1283;12;1280;24;;;1304;12;1307;24;;;1293.5;9.4951171875
1;2800;VEV_5200;116;23;;;;;120;23;;;;;118.0;172.4921875
1;2800;VEV_5100;197;23;;;;;202;6;203;17;;;199.5;87.5830078125
1;2800;HYDROGEL_PACK;10000;11;9997;30;;;10016;11;10018;30;;;10008.0;-294.65625
1;2900;VEV_5000;291;10;290;17;;;298;10;299;17;;;294.5;9.44677734375
1;2900;VEV_6000;0;22;;;;;1;22;;;;;0.5;0.0
1;2900;VEV_4000;1283;8;1280;23;;;1304;8;1307;23;;;1293.5;10.4794921875
1;2900;VEV_5200;116;27;;;;;119;10;120;17;;;117.5;231.1484375
1;2900;VELVETFRUIT_EXTRACT;5291;17;5290;41;;;5296;17;5297;41;;;5293.5;91.0
1;2900;VEV_5100;197;27;;;;;202;10;203;17;;;199.5;100.794921875
1;2900;HYDROGEL_PACK;10004;15;10002;29;;;10012;9;10020;15;10023;29;10008.0;-465.375
1;2900;VEV_5400;19;22;;;;;21;22;;;;;20.0;17.3507080078125
1;2900;VEV_6500;0;15;;;;;1;15;;;;;0.5;0.0
1;2900;VEV_5300;56;22;;;;;58;22;;;;;57.0;102.3427734375
1;2900;VEV_4500;785;10;783;17;;;802;10;804;17;;;793.5;10.479248046875
1;2900;VEV_5500;6;22;;;;;7;22;;;;;6.5;24.09234619140625
1;3000;VEV_5400;19;18;;;;;20;18;;;;;19.5;25.104736328125
1;3000;VEV_6500;0;14;;;;;1;14;;;;;0.5;0.0
1;3000;VEV_5300;56;7;55;11;;;58;18;;;;;57.0;177.009765625
1;3000;VEV_4500;784;6;782;18;;;801;6;803;18;;;792.5;12.9150390625
1;3000;VEV_5500;6;18;;;;;7;18;;;;;6.5;27.57086181640625
1;3000;VEV_5000;291;6;290;18;;;297;6;298;18;;;294.0;11.8255615234375
1;3000;VEV_6000;0;18;;;;;1;18;;;;;0.5;0.0
1;3000;VEV_4000;1282;14;1279;22;;;1304;14;1306;22;;;1293.0;12.9150390625
1;3000;VEV_5200;116;6;115;18;;;119;24;;;;;117.5;360.83984375
1;3000;VEV_5100;197;6;196;18;;;202;24;;;;;199.5;134.642578125
1;3000;HYDROGEL_PACK;10004;14;10001;29;;;10020;14;10022;29;;;10012.0;-458.1875
1;3000;VELVETFRUIT_EXTRACT;5290;57;;;;;5295;21;5296;36;;;5292.5;164.625
1;3100;VEV_5400;19;24;;;;;21;24;;;;;20.0;16.23388671875
1;3100;VEV_6500;0;15;;;;;1;15;;;;;0.5;0.0
1;3100;HYDROGEL_PACK;10004;10;10001;26;;;10020;10;10022;26;;;10012.0;-450.28125
1;3100;VEV_5300;56;24;;;;;58;5;59;19;;;57.0;92.3271484375
1;3100;VEV_4500;785;6;783;20;;;802;6;804;20;;;793.5;10.19287109375
1;3100;VEV_5500;6;24;;;;;7;24;;;;;6.5;22.25665283203125
1;3100;VEV_5000;291;26;;;;;298;6;299;20;;;294.5;9.1531982421875
1;3100;VEV_6000;0;24;;;;;1;24;;;;;0.5;0.0
1;3100;VEV_4000;1283;10;1280;17;;;1304;10;1307;17;;;1293.5;10.19287109375
1;3100;VEV_5200;116;26;;;;;119;6;120;20;;;117.5;210.44140625
1;3100;VELVETFRUIT_EXTRACT;5291;20;5290;43;;;5296;20;5297;43;;;5293.5;82.375
1;3100;VEV_5100;197;26;;;;;202;6;203;20;;;199.5;97.3017578125
1;3200;HYDROGEL_PACK;10005;11;10002;23;;;10021;11;10023;23;;;10013.0;-500.0625
1;3200;VELVETFRUIT_EXTRACT;5291;56;;;;;5296;19;5297;37;;;5293.5;48.6875
1;3200;VEV_5400;19;25;;;;;21;25;;;;;20.0;12.3671875
1;3200;VEV_5300;56;25;;;;;58;7;59;18;;;57.0;52.138671875
1;3200;VEV_4500;785;6;783;15;;;802;6;804;15;;;793.5;9.0791015625
1;3200;VEV_6500;0;18;;;;;1;18;;;;;0.5;0.0
1;3200;VEV_5500;6;25;;;;;7;25;;;;;6.5;20.15081787109375
1;3200;VEV_5000;292;6;291;15;;;298;6;299;15;;;295.0;8.0712890625
1;3200;VEV_6000;0;25;;;;;1;25;;;;;0.5;0.0
1;3200;VEV_5200;116;21;;;;;120;21;;;;;118.0;146.3125
1;3200;VEV_4000;1283;11;1280;19;;;1305;11;1307;19;;;1294.0;9.0791015625
1;3200;VEV_5100;197;21;;;;;202;6;203;15;;;199.5;81.671875
1;3300;VEV_5000;292;9;291;17;;;299;9;300;17;;;295.5;6.1607666015625
1;3300;VEV_5200;117;9;116;17;;;120;26;;;;;118.5;33.1953125
1;3300;VEV_6000;0;17;;;;;1;17;;;;;0.5;0.0
1;3300;VEV_4000;1283;13;1281;17;;;1305;13;1308;17;;;1294.0;7.12451171875
1;3300;VEV_5100;198;9;197;17;;;203;26;;;;;200.5;55.8037109375
1;3300;VELVETFRUIT_EXTRACT;5292;18;5291;31;;;5297;49;;;;;5294.5;-10.5
1;3300;VEV_5400;19;17;;;;;21;17;;;;;20.0;6.358642578125
1;3300;HYDROGEL_PACK;10006;10;10004;27;;;10022;10;10025;27;;;10014.0;-544.75
1;3300;VEV_5300;56;17;;;;;59;17;;;;;57.5;-7.4296875
1;3300;VEV_4500;786;9;784;17;;;803;9;805;17;;;794.5;7.12451171875
1;3300;VEV_6500;0;21;;;;;1;21;;;;;0.5;0.0
1;3300;VEV_5500;6;17;;;;;7;17;;;;;6.5;16.982666015625
1;3400;VEV_5400;19;25;;;;;20;25;;;;;19.5;30.8402099609375
1;3400;VEV_5300;55;25;;;;;58;25;;;;;56.5;246.4228515625
1;3400;VEV_4500;784;11;782;12;;;801;11;803;12;;;792.5;15.091064453125
1;3400;VEV_6500;0;15;;;;;1;15;;;;;0.5;0.0
1;3400;VEV_5500;6;25;;;;;7;25;;;;;6.5;31.50079345703125
1;3400;VEV_5000;290;11;289;12;;;297;11;298;12;;;293.5;13.9696044921875
1;3400;VEV_5200;115;23;;;;;119;23;;;;;117.0;475.796875
1;3400;VEV_6000;0;25;;;;;1;25;;;;;0.5;0.0
1;3400;VEV_4000;1281;7;1279;25;;;1303;7;1306;25;;;1292.0;15.09130859375
1;3400;VEV_5100;196;23;;;;;201;11;202;12;;;198.5;164.0478515625
1;3400;HYDROGEL_PACK;10006;11;10003;25;;;10022;11;10024;25;;;10014.0;-538.9375
1;3400;VELVETFRUIT_EXTRACT;5290;21;5289;42;;;5295;63;;;;;5292.5;230.5
1;3500;VEV_5400;19;16;;;;;20;16;;;;;19.5;40.9903564453125
1;3500;HYDROGEL_PACK;10008;14;10005;29;;;10024;14;10026;29;;;10016.0;-599.78125
1;3500;VEV_5300;55;16;;;;;57;16;;;;;56.0;352.3466796875
1;3500;VEV_4500;783;9;781;13;;;800;9;802;13;;;791.5;18.337890625
1;3500;VEV_6500;0;17;;;;;1;17;;;;;0.5;0.0
1;3500;VEV_5500;6;16;;;;;7;16;;;;;6.5;37.2470703125
1;3500;VEV_5000;289;22;;;;;296;9;297;13;;;292.5;17.13330078125
1;3500;VEV_5200;115;9;114;13;;;118;22;;;;;116.5;652.94140625
1;3500;VEV_6000;0;16;;;;;1;16;;;;;0.5;0.0
1;3500;VEV_4000;1281;11;1278;22;;;1302;11;1305;22;;;1291.5;18.337890625
1;3500;VEV_5100;195;22;;;;;200;9;201;13;;;197.5;208.205078125
1;3500;VELVETFRUIT_EXTRACT;5289;19;5288;36;;;5294;19;5295;36;;;5291.5;328.75
1;3600;HYDROGEL_PACK;10005;11;10002;25;;;10021;11;10023;25;;;10013.0;-487.375
1;3600;VELVETFRUIT_EXTRACT;5289;64;;;;;5295;64;;;;;5292.0;257.5
1;3600;VEV_5400;19;18;;;;;20;18;;;;;19.5;33.9586181640625
1;3600;VEV_5300;55;18;;;;;58;18;;;;;56.5;279.0068359375
1;3600;VEV_4500;784;12;782;24;;;800;12;802;24;;;792.0;15.9853515625
1;3600;VEV_6500;0;12;;;;;1;12;;;;;0.5;0.0
1;3600;VEV_5500;6;18;;;;;7;18;;;;;6.5;33.61700439453125
1;3600;VEV_5000;290;12;289;24;;;297;36;;;;;293.5;14.8455810546875
1;3600;VEV_5200;115;36;;;;;118;12;119;24;;;116.5;524.84375
1;3600;VEV_6000;0;18;;;;;1;18;;;;;0.5;0.0
1;3600;VEV_4000;1281;14;1279;15;;;1303;14;1305;15;;;1292.0;15.9853515625
1;3600;VEV_5100;196;12;195;24;;;201;36;;;;;198.5;175.943359375
1;3700;VEV_5000;290;6;289;12;;;297;6;298;12;;;293.5;13.704833984375
1;3700;VEV_5200;115;18;;;;;119;18;;;;;117.0;458.10546875
1;3700;VEV_6000;0;18;;;;;1;18;;;;;0.5;0.0
1;3700;VEV_4000;1281;9;1279;29;;;1303;9;1306;29;;;1292.0;14.81396484375
1;3700;VEV_5100;196;18;;;;;201;6;202;12;;;198.5;159.353515625
1;3700;VELVETFRUIT_EXTRACT;5290;24;5289;36;;;5295;60;;;;;5292.5;222.125
1;3700;HYDROGEL_PACK;10002;10;9999;20;;;10018;10;10020;20;;;10010.0;-370.625
1;3700;VEV_5500;6;18;;;;;7;18;;;;;6.5;32.94659423828125
1;3700;VEV_5300;55;18;;;;;58;18;;;;;56.5;252.3359375
1;3700;VEV_4500;784;6;782;12;;;801;6;803;12;;;792.5;14.813720703125
1;3700;VEV_5400;19;18;;;;;20;18;;;;;19.5;30.8848876953125
1;3700;VEV_6500;0;18;;;;;1;18;;;;;0.5;0.0
1;3800;VEV_5500;6;20;;;;;7;20;;;;;6.5;19.3883056640625
1;3800;VEV_5300;56;20;;;;;59;20;;;;;57.5;19.01953125
1;3800;VEV_4500;786;7;784;18;;;803;7;805;18;;;794.5;7.60693359375
1;3800;VEV_5400;19;20;;;;;21;20;;;;;20.0;9.247802734375
1;3800;VEV_6500;0;20;;;;;1;20;;;;;0.5;0.0
1;3800;VEV_5100;198;7;197;18;;;203;25;;;;;200.5;61.09765625
1;3800;VEV_5200;117;7;116;18;;;120;25;;;;;118.5;61.921875
1;3800;VEV_6000;0;20;;;;;1;20;;;;;0.5;0.0
1;3800;VEV_4000;1283;14;1281;28;;;1305;14;1308;28;;;1294.0;7.60693359375
1;3800;VEV_5000;292;7;291;18;;;299;7;300;18;;;295.5;6.644287109375
1;3800;HYDROGEL_PACK;10003;14;10000;24;;;10019;14;10021;24;;;10011.0;-412.84375
1;3800;VELVETFRUIT_EXTRACT;5291;49;;;;;5297;49;;;;;5294.0;4.125
1;3900;HYDROGEL_PACK;10005;12;10002;25;;;10021;12;10023;25;;;10013.0;-486.1875
1;3900;VEV_5500;6;21;;;;;7;21;;;;;6.5;15.23211669921875
1;3900;VEV_5300;57;10;56;11;;;59;21;;;;;58.0;-59.8525390625
1;3900;VEV_4500;786;6;784;13;;;803;6;805;13;;;794.5;5.167724609375
1;3900;VEV_5400;19;21;;;;;21;21;;;;;20.0;1.6947021484375
1;3900;VEV_6500;0;11;;;;;1;11;;;;;0.5;0.0
1;3900;VEV_5100;198;19;;;;;203;6;204;13;;;200.5;28.1923828125
1;3900;VEV_5200;117;19;;;;;120;6;121;13;;;118.5;-72.38671875
1;3900;VEV_6000;0;21;;;;;1;21;;;;;0.5;0.0
1;3900;VEV_4000;1284;10;1281;22;;;1306;10;1308;22;;;1295.0;5.16748046875
1;3900;VEV_5000;292;19;;;;;299;6;300;13;;;295.5;4.26806640625
1;3900;VELVETFRUIT_EXTRACT;5292;55;;;;;5297;15;5298;40;;;5294.5;-69.6875
1;4000;HYDROGEL_PACK;10004;10;10002;22;;;10020;10;10023;22;;;10012.0;-477.90625
1;4000;VELVETFRUIT_EXTRACT;5292;23;5291;50;;;5297;23;5298;50;;;5294.5;-51.125
1;4000;VEV_5500;6;15;;;;;7;15;;;;;6.5;15.9599609375
1;4000;VEV_5300;56;15;;;;;59;15;;;;;57.5;-34.5419921875
1;4000;VEV_4500;786;7;784;21;;;803;7;805;21;;;794.5;5.78125
1;4000;VEV_5400;19;15;;;;;21;15;;;;;20.0;4.097412109375
1;4000;VEV_6500;0;16;;;;;1;16;;;;;0.5;0.0
1;4000;VEV_5100;198;28;;;;;203;7;204;21;;;200.5;36.5888671875
1;4000;VEV_5200;117;28;;;;;120;7;121;21;;;118.5;-36.546875
1;4000;VEV_6000;0;15;;;;;1;15;;;;;0.5;0.0
1;4000;VEV_4000;1284;11;1281;20;;;1305;11;1308;20;;;1294.5;5.78125
1;4000;VEV_5000;292;28;;;;;299;7;300;21;;;295.5;4.8736572265625
1;4100;VEV_5100;201;5;199;7;198;24;204;31;;;;;202.5;13.9638671875
1;4100;VEV_5200;118;5;117;31;;;121;31;;;;;119.5;-131.8828125
1;4100;VEV_6000;0;25;;;;;1;20;;;;;0.5;0.0
1;4100;VEV_4000;1294;5;1284;10;1282;15;1306;10;1308;15;;;1300.0;4.12255859375
1;4100;VEV_5000;296;5;293;7;292;24;300;31;;;;;298.0;3.2593994140625
1;4100;VELVETFRUIT_EXTRACT;5292;55;;;;;5298;55;;;;;5295.0;-101.25
1;4100;VEV_5500;6;25;;;;;7;20;;;;;6.5;12.4520263671875
1;4100;HYDROGEL_PACK;10005;12;10002;24;;;10021;12;10023;24;;;10013.0;-496.46875
1;4100;VEV_5300;57;15;56;10;;;59;20;;;;;58.0;-89.322265625
1;4100;VEV_4500;794;5;787;7;785;24;803;7;805;24;;;798.5;4.122802734375
1;4100;VEV_5400;20;5;19;20;;;21;20;;;;;20.5;-1.1302490234375
1;4100;VEV_6500;0;22;;;;;1;17;;;;;0.5;0.0
1;4200;VEV_5500;6;17;;;;;7;17;;;;;6.5;12.4248046875
1;4200;VEV_4500;786;7;784;14;;;803;7;805;14;;;794.5;-0.0400390625
1;4200;VEV_5300;57;6;56;11;;;59;17;;;;;58.0;-69.0712890625
1;4200;VEV_5400;19;17;;;;;21;17;;;;;20.0;-0.4976806640625
1;4200;VEV_6500;0;15;;;;;1;15;;;;;0.5;0.0
1;4200;VEV_5100;199;7;198;14;;;204;21;;;;;201.5;18.0361328125
1;4200;VEV_5200;117;21;;;;;121;21;;;;;119.0;-118.07421875
1;4200;VEV_6000;0;17;;;;;1;17;;;;;0.5;0.0
1;4200;VEV_4000;1284;14;1281;21;;;1306;14;1308;21;;;1295.0;-0.0400390625
1;4200;VEV_5000;293;7;292;14;;;300;21;;;;;296.5;2.966552734375
1;4200;HYDROGEL_PACK;10004;12;10002;27;;;10020;12;10023;27;;;10012.0;-473.90625
1;4200;VELVETFRUIT_EXTRACT;5292;51;;;;;5298;51;;;;;5295.0;-92.0625
1;4300;VEV_5500;6;19;;;;;8;19;;;;;7.0;1.8572998046875
1;4300;HYDROGEL_PACK;10009;15;10006;21;;;10025;15;10027;21;;;10017.0;-650.90625
1;4300;VEV_4500;788;9;786;17;;;805;9;807;17;;;796.5;-12.24560546875
1;4300;VEV_6500;0;16;;;;;1;16;;;;;0.5;0.0
1;4300;VEV_5300;57;19;;;;;60;19;;;;;58.5;-241.7734375
1;4300;VEV_5400;20;19;;;;;21;19;;;;;20.5;-19.4969482421875
1;4300;VEV_4000;1285;11;1283;22;;;1307;11;1310;22;;;1296.0;-12.24609375
1;4300;VEV_5100;200;9;199;17;;;205;26;;;;;202.5;-62.9453125
1;4300;VEV_5200;118;26;;;;;122;26;;;;;120.0;-415.13671875
1;4300;VEV_6000;0;19;;;;;1;19;;;;;0.5;0.0
1;4300;VEV_5000;294;9;293;17;;;301;9;302;17;;;297.5;-8.978515625
1;4300;VELVETFRUIT_EXTRACT;5294;22;5293;48;;;5299;70;;;;;5296.5;-256.1875
1;4400;VELVETFRUIT_EXTRACT;5292;19;5291;42;;;5297;61;;;;;5294.5;-8.3125
1;4400;HYDROGEL_PACK;10012;12;10010;24;;;10028;12;10031;24;;;10020.0;-792.09375
1;4400;VEV_5500;6;23;;;;;7;23;;;;;6.5;17.96331787109375
1;4400;VEV_4500;786;11;784;16;;;803;11;805;16;;;794.5;6.1943359375
1;4400;VEV_6500;0;18;;;;;1;18;;;;;0.5;0.0
1;4400;VEV_5300;56;23;;;;;59;23;;;;;57.5;14.1025390625
1;4400;VEV_5400;19;23;;;;;21;23;;;;;20.0;9.695068359375
1;4400;VEV_4000;1283;13;1281;30;;;1305;13;1308;30;;;1294.0;6.1953125
1;4400;VEV_5100;198;11;197;16;;;203;27;;;;;200.5;55.3583984375
1;4400;VEV_5200;117;11;116;16;;;120;27;;;;;118.5;43.90625
1;4400;VEV_5000;292;11;291;16;;;299;11;300;16;;;295.5;9.125732421875
1;4400;VEV_6000;0;23;;;;;1;23;;;;;0.5;0.0
1;4500;VEV_4000;1285;10;1282;29;;;1307;10;1309;29;;;1296.0;-7.697265625
1;4500;VEV_5100;199;22;;;;;204;10;205;12;;;201.5;-48.5771484375
1;4500;VEV_5200;118;10;117;12;;;121;22;;;;;119.5;-294.51171875
1;4500;VEV_5000;293;22;;;;;300;10;301;12;;;296.5;-4.470703125
1;4500;VEV_6000;0;20;;;;;1;20;;;;;0.5;0.0
1;4500;VELVETFRUIT_EXTRACT;5293;53;;;;;5298;17;5299;36;;;5295.5;-195.0625
1;4500;VEV_5500;6;20;;;;;7;10;8;10;;;6.5;6.72662353515625
1;4500;HYDROGEL_PACK;10010;11;10008;25;;;10026;11;10029;25;;;10018.0;-791.6875
1;4500;VEV_4500;787;10;785;12;;;804;10;806;12;;;795.5;-7.69775390625
1;4500;VEV_6500;0;20;;;;;1;20;;;;;0.5;0.0
1;4500;VEV_5300;57;20;;;;;59;10;60;10;;;58.0;-182.2666015625
1;4500;VEV_5400;20;20;;;;;21;20;;;;;20.5;-17.49365234375
1;4600;VEV_5500;6;18;;;;;7;18;;;;;6.5;7.702301025390625
1;4600;VEV_4500;787;12;785;18;;;804;12;806;18;;;795.5;-4.59375
1;4600;VEV_6500;0;21;;;;;1;21;;;;;0.5;0.0
1;4600;VEV_5300;57;18;;;;;59;18;;;;;58.0;-143.8076171875
1;4600;VEV_5400;20;6;19;12;;;21;18;;;;;20.5;-11.656982421875
1;4600;VEV_4000;1285;11;1282;16;;;1306;11;1309;16;;;1295.5;-4.59375
1;4600;VEV_5100;199;12;198;18;;;204;12;205;18;;;201.5;-26.03125
1;4600;VEV_5200;117;30;;;;;121;30;;;;;119.0;-222.0625
1;4600;VEV_5000;293;12;292;18;;;300;12;301;18;;;296.5;-1.40185546875
1;4600;VEV_6000;0;18;;;;;1;18;;;;;0.5;0.0
1;4600;VELVETFRUIT_EXTRACT;5293;19;5292;35;;;5298;19;5299;35;;;5295.5;-153.3125
1;4600;HYDROGEL_PACK;10015;9;10008;11;10005;21;10024;11;10026;21;;;10019.5;-650.0625
1;4700;VEV_5500;7;4;6;28;;;8;28;;;;;7.5;-1.10174560546875
1;4700;HYDROGEL_PACK;10006;11;10004;27;;;10022;11;10025;27;;;10014.0;-535.4375
1;4700;VEV_4500;796;4;788;11;786;24;805;11;807;24;;;800.5;-17.09228515625
1;4700;VEV_6500;0;25;;;;;1;21;;;;;0.5;0.0
1;4700;VEV_5300;58;13;57;19;;;60;28;;;;;59.0;-318.203125
1;4700;VEV_5400;20;32;;;;;21;28;;;;;20.5;-37.9654541015625
1;4700;VEV_4000;1296;4;1286;12;1283;23;1308;12;1310;23;;;1302.0;-17.091796875
1;4700;VEV_5100;202;4;200;35;;;205;11;206;24;;;203.5;-120.2314453125
1;4700;VEV_5200;120;4;119;11;118;24;122;35;;;;;121.0;-536.05078125
1;4700;VEV_5000;297;4;294;35;;;301;11;302;24;;;299.0;-13.63671875
1;4700;VEV_6000;0;32;;;;;1;28;;;;;0.5;0.0
1;4700;VELVETFRUIT_EXTRACT;5294;50;;;;;5299;16;5300;34;;;5296.5;-321.375
1;4800;VELVETFRUIT_EXTRACT;5293;54;;;;;5298;15;5299;39;;;5295.5;-200.4375
1;4800;HYDROGEL_PACK;10009;10;10007;26;;;10025;10;10028;26;;;10017.0;-749.6875
1;4800;VEV_4500;787;8;785;21;;;804;8;806;21;;;795.5;-7.2548828125
1;4800;VEV_5500;6;25;;;;;7;8;8;17;;;6.5;6.5391845703125
1;4800;VEV_5400;20;25;;;;;21;25;;;;;20.5;-18.641845703125
1;4800;VEV_6500;0;19;;;;;1;19;;;;;0.5;0.0
1;4800;VEV_5300;57;25;;;;;59;8;60;17;;;58.0;-184.3505859375
1;4800;VEV_4000;1285;12;1282;28;;;1307;12;1309;28;;;1296.0;-7.25390625
1;4800;VEV_5200;118;8;117;21;;;121;29;;;;;119.5;-306.609375
1;4800;VEV_5100;199;29;;;;;204;8;205;21;;;201.5;-52.669921875
1;4800;VEV_5000;294;8;293;21;;;300;8;301;21;;;297.0;-4.830810546875
1;4800;VEV_6000;0;25;;;;;1;25;;;;;0.5;0.0
1;4900;VEV_4000;1285;9;1282;21;;;1307;9;1309;21;;;1296.0;-8.46875
1;4900;VEV_5200;118;34;;;;;121;34;;;;;119.5;-321.75390625
1;4900;VEV_5100;199;34;;;;;204;11;205;23;;;201.5;-59.3740234375
1;4900;VEV_5000;294;11;293;23;;;301;34;;;;;297.5;-5.62451171875
1;4900;VEV_6000;0;21;;;;;1;21;;;;;0.5;0.0
1;4900;VELVETFRUIT_EXTRACT;5293;53;;;;;5299;53;;;;;5296.0;-211.75
1;4900;HYDROGEL_PACK;10012;13;10009;25;;;10028;13;10030;25;;;10020.0;-900.5
1;4900;VEV_4500;787;11;785;23;;;804;11;806;23;;;795.5;-8.46875
1;4900;VEV_5500;6;21;;;;;8;21;;;;;7.0;4.90655517578125
1;4900;VEV_5400;20;21;;;;;21;21;;;;;20.5;-21.447509765625
1;4900;VEV_6500;0;18;;;;;1;18;;;;;0.5;0.0
1;4900;VEV_5300;57;21;;;;;59;8;60;13;;;58.0;-197.31640625
1;5000;VEV_4500;787;6;785;15;;;804;6;806;15;;;795.5;-1.7685546875
1;5000;VEV_5500;6;24;;;;;7;24;;;;;6.5;8.25433349609375
1;5000;VEV_5400;20;10;19;14;;;21;24;;;;;20.5;-12.5162353515625
1;5000;VEV_6500;0;17;;;;;1;17;;;;;0.5;0.0
1;5000;VEV_5300;57;24;;;;;59;24;;;;;58.0;-122.408203125
1;5000;VEV_4000;1285;10;1282;18;;;1306;10;1309;18;;;1295.5;-1.76953125
1;5000;VEV_5200;117;21;;;;;121;21;;;;;119.0;-204.23046875
1;5000;VEV_5100;199;6;198;15;;;204;21;;;;;201.5;-24.63671875
1;5000;VEV_5000;293;6;292;15;;;300;6;301;15;;;296.5;-1.06494140625
1;5000;VEV_6000;0;24;;;;;1;24;;;;;0.5;0.0
1;5000;VELVETFRUIT_EXTRACT;5293;22;5292;30;;;5298;22;5299;30;;;5295.5;-149.375
1;5000;HYDROGEL_PACK;10011;10;10009;26;;;10027;10;10030;26;;;10019.0;-871.125
1;5100;HYDROGEL_PACK;10012;13;10009;24;;;10028;13;10030;24;;;10020.0;-915.375
1;5100;VEV_4500;787;10;785;20;;;804;10;806;20;;;795.5;-4.4716796875
1;5100;VEV_5500;6;20;;;;;7;20;;;;;6.5;7.031982421875
1;5100;VEV_5400;20;20;;;;;21;20;;;;;20.5;-18.0230712890625
1;5100;VEV_6500;0;13;;;;;1;13;;;;;0.5;0.0
1;5100;VEV_5300;57;20;;;;;59;20;;;;;58.0;-143.96875
1;5100;VEV_4000;1285;8;1282;27;;;1306;8;1309;27;;;1295.5;-4.470703125
1;5100;VEV_5200;118;10;117;20;;;121;30;;;;;119.5;-248.8203125
1;5100;VEV_5100;199;30;;;;;204;10;205;20;;;201.5;-39.25
1;5100;VEV_5000;293;30;;;;;300;10;301;20;;;296.5;-2.917236328125
1;5100;VEV_6000;0;20;;;;;1;20;;;;;0.5;0.0
1;5100;VELVETFRUIT_EXTRACT;5293;22;5292;39;;;5298;22;5299;39;;;5295.5;-174.5625
1;5200;VELVETFRUIT_EXTRACT;5292;49;;;;;5298;49;;;;;5295.0;-92.25
1;5200;HYDROGEL_PACK;10015;14;10012;30;;;10031;14;10033;30;;;10023.0;-1097.4375
1;5200;VEV_4500;786;8;784;22;;;803;8;805;22;;;794.5;4.3681640625
1;5200;VEV_5500;6;23;;;;;7;23;;;;;6.5;10.624298095703125
1;5200;VEV_5400;19;23;;;;;21;23;;;;;20.0;-5.5037841796875
1;5200;VEV_6500;0;18;;;;;1;18;;;;;0.5;0.0
1;5200;VEV_5300;57;9;56;14;;;59;23;;;;;58.0;-54.74609375
1;5200;VEV_4000;1284;15;1281;30;;;1306;15;1308;30;;;1295.0;4.3671875
1;5200;VEV_5200;117;30;;;;;120;8;121;22;;;118.5;-103.59375
1;5200;VEV_5100;199;8;198;22;;;204;30;;;;;201.5;6.998046875
1;5200;VEV_5000;293;8;292;22;;;300;30;;;;;296.5;3.03076171875
1;5200;VEV_6000;0;23;;;;;1;23;;;;;0.5;0.0
1;5300;VEV_4000;1284;15;1281;29;;;1305;15;1308;29;;;1294.5;9.431640625
1;5300;VEV_5200;117;23;;;;;120;23;;;;;118.5;-21.74609375
1;5300;VEV_5100;198;23;;;;;203;10;204;13;;;200.5;32.7646484375
1;5300;VEV_5000;292;23;;;;;299;10;300;13;;;295.5;6.45751953125
1;5300;VEV_6000;0;26;;;;;1;26;;;;;0.5;0.0
1;5300;VELVETFRUIT_EXTRACT;5292;20;5291;44;;;5297;20;5298;44;;;5294.5;-45.125
1;5300;VEV_4500;786;10;784;13;;;803;10;805;13;;;794.5;9.4306640625
1;5300;VEV_5500;6;26;;;;;7;26;;;;;6.5;12.552276611328125
1;5300;VEV_5400;19;26;;;;;21;26;;;;;20.0;1.591552734375
1;5300;VEV_6500;0;14;;;;;1;14;;;;;0.5;0.0
1;5300;HYDROGEL_PACK;10016;14;10013;29;;;10032;14;10034;29;;;10024.0;-1285.75
1;5300;VEV_5300;56;26;;;;;59;26;;;;;57.5;-1.7607421875
1;5400;VEV_4500;785;11;783;14;;;802;11;804;14;;;793.5;19.580078125
1;5400;VEV_5500;6;25;;;;;7;25;;;;;6.5;16.715606689453125
1;5400;VEV_5400;19;25;;;;;21;25;;;;;20.0;17.078369140625
1;5400;VEV_5300;56;25;;;;;58;10;59;15;;;57.0;90.412109375
1;5400;VEV_5200;116;25;;;;;120;25;;;;;118.0;148.97265625
1;5400;VEV_4000;1283;14;1280;30;;;1305;14;1307;30;;;1294.0;19.580078125
1;5400;VEV_5100;197;25;;;;;202;11;203;14;;;199.5;84.4697265625
1;5400;VEV_5000;292;11;291;14;;;298;11;299;14;;;295.0;13.294921875
1;5400;VEV_6000;0;25;;;;;1;25;;;;;0.5;0.0
1;5400;VELVETFRUIT_EXTRACT;5291;47;;;;;5296;17;5297;30;;;5293.5;49.3125
1;5400;HYDROGEL_PACK;10017;14;10014;25;;;10033;14;10035;25;;;10025.0;-1366.4375
1;5400;VEV_6500;0;12;;;;;1;12;;;;;0.5;0.0
1;5500;VEV_6000;0;24;;;;;1;24;;;;;0.5;0.0
1;5500;VEV_4500;787;12;785;24;;;804;12;806;24;;;795.5;-2.419921875
1;5500;VEV_5500;6;24;;;;;7;24;;;;;6.5;7.0697021484375
1;5500;VEV_5400;20;7;19;17;;;21;24;;;;;20.5;-14.0980224609375
1;5500;HYDROGEL_PACK;10014;11;10012;29;;;10030;11;10033;29;;;10022.0;-1252.125
1;5500;VEV_5300;57;24;;;;;59;24;;;;;58.0;-127.23046875
1;5500;VEV_5200;117;36;;;;;121;36;;;;;119.0;-228.44140625
1;5500;VEV_6500;0;17;;;;;1;17;;;;;0.5;0.0
1;5500;VEV_4000;1285;8;1282;24;;;1306;8;1309;24;;;1295.5;-2.421875
1;5500;VEV_5100;199;36;;;;;204;12;205;24;;;201.5;-29.7099609375
1;5500;VEV_5000;293;12;292;24;;;300;12;301;24;;;296.5;-1.59716796875
1;5500;VELVETFRUIT_EXTRACT;5293;24;5292;36;;;5298;24;5299;36;;;5295.5;-155.4375
1;5600;VEV_6000;0;21;;;;;1;21;;;;;0.5;0.0
1;5600;VELVETFRUIT_EXTRACT;5294;17;5293;35;;;5299;17;5300;35;;;5296.5;-285.0
1;5600;HYDROGEL_PACK;10012;15;10010;28;;;10028;15;10031;28;;;10020.0;-1076.0
1;5600;VEV_6500;0;16;;;;;1;16;;;;;0.5;0.0
1;5600;VEV_4500;788;9;786;22;;;805;9;807;22;;;796.5;-16.3388671875
1;5600;VEV_5500;6;21;;;;;8;21;;;;;7.0;1.107147216796875
1;5600;VEV_5400;20;21;;;;;21;21;;;;;20.5;-34.9901123046875
1;5600;VEV_5300;57;21;;;;;60;21;;;;;58.5;-268.3310546875
1;5600;VEV_5200;118;31;;;;;122;31;;;;;120.0;-467.01171875
1;5600;VEV_4000;1286;14;1283;16;;;1307;14;1310;16;;;1296.5;-16.33984375
1;5600;VEV_5100;200;9;199;22;;;205;9;206;22;;;202.5;-101.7216796875
1;5600;VEV_5000;294;9;293;22;;;301;9;302;22;;;297.5;-11.02587890625
1;5700;VEV_5200;118;29;;;;;122;29;;;;;120.0;-490.57421875
1;5700;VEV_6500;0;19;;;;;1;19;;;;;0.5;0.0
1;5700;VEV_4000;1286;7;1283;27;;;1307;7;1310;27;;;1296.5;-17.8046875
1;5700;VEV_5100;200;29;;;;;205;12;206;17;;;202.5;-109.078125
1;5700;VEV_5000;294;29;;;;;301;12;302;17;;;297.5;-12.02392578125
1;5700;VELVETFRUIT_EXTRACT;5294;17;5293;50;;;5299;17;5300;50;;;5296.5;-298.625
1;5700;VEV_6000;0;22;;;;;1;22;;;;;0.5;0.0
1;5700;VEV_4500;788;12;786;17;;;805;12;807;17;;;796.5;-17.8046875
1;5700;VEV_5500;6;22;;;;;8;22;;;;;7.0;1.0733642578125
1;5700;VEV_5400;20;22;;;;;21;22;;;;;20.5;-37.923095703125
1;5700;HYDROGEL_PACK;10014;11;10012;25;;;10030;11;10033;25;;;10022.0;-1232.9375
1;5700;VEV_5300;57;22;;;;;60;22;;;;;58.5;-281.6640625
1;5800;VEV_4500;796;5;788;9;786;14;805;9;807;14;;;800.5;-18.447265625
1;5800;VEV_5500;6;32;;;;;8;27;;;;;7.0;1.491485595703125
1;5800;VEV_5400;20;32;;;;;21;27;;;;;20.5;-38.828857421875
1;5800;VEV_5300;58;5;57;27;;;60;27;;;;;59.0;-288.4404296875
1;5800;VEV_5200;120;5;118;23;;;122;23;;;;;121.0;-494.5234375
1;5800;VEV_4000;1296;5;1286;14;1283;23;1308;14;1310;23;;;1302.0;-18.447265625
1;5800;VEV_5100;202;5;200;23;;;205;9;206;14;;;203.5;-112.7294921875
1;5800;VEV_5000;297;5;294;23;;;301;9;302;14;;;299.0;-12.468994140625
1;5800;VEV_6000;0;32;;;;;1;27;;;;;0.5;0.0
1;5800;VELVETFRUIT_EXTRACT;5294;57;;;;;5299;22;5300;35;;;5296.5;-304.625
1;5800;HYDROGEL_PACK;10014;15;10012;21;;;10030;15;10033;21;;;10022.0;-1254.4375
1;5800;VEV_6500;0;18;;;;;1;13;;;;;0.5;0.0
1;5900;VEV_6000;0;23;;;;;1;23;;;;;0.5;0.0
1;5900;VEV_4500;787;8;785;21;;;804;8;806;21;;;795.5;2.46484375
1;5900;HYDROGEL_PACK;10013;10;10011;30;;;10029;10;10032;30;;;10021.0;-1163.6875
1;5900;VEV_5300;57;23;;;;;59;23;;;;;58.0;-124.875
1;5900;VEV_5200;117;29;;;;;121;29;;;;;119.0;-193.4765625
1;5900;VEV_5400;20;23;;;;;21;23;;;;;20.5;-15.6834716796875
1;5900;VEV_6500;0;13;;;;;1;13;;;;;0.5;0.0
1;5900;VEV_4000;1284;7;1282;27;;;1306;7;1309;27;;;1295.0;2.46484375
1;5900;VEV_5100;199;8;198;21;;;204;29;;;;;201.5;-19.2724609375
1;5900;VEV_5000;293;8;292;21;;;300;8;301;21;;;296.5;-0.65771484375
1;5900;VEV_5500;6;23;;;;;7;23;;;;;6.5;8.75238037109375
1;5900;VELVETFRUIT_EXTRACT;5293;21;5292;43;;;5298;64;;;;;5295.5;-142.25
1;6000;VEV_6000;0;19;;;;;1;19;;;;;0.5;0.0
1;6000;VEV_5000;293;21;;;;;300;7;301;14;;;296.5;-2.564697265625
1;6000;VELVETFRUIT_EXTRACT;5293;19;5292;38;;;5298;19;5299;38;;;5295.5;-168.125
1;6000;VEV_5100;199;21;;;;;204;7;205;14;;;201.5;-33.1865234375
1;6000;HYDROGEL_PACK;10011;11;10009;26;;;10027;11;10030;26;;;10019.0;-955.25
1;6000;VEV_5200;118;7;117;14;;;121;21;;;;;119.5;-239.04296875
1;6000;VEV_5300;57;19;;;;;59;19;;;;;58.0;-147.9521484375
1;6000;VEV_5400;20;19;;;;;21;19;;;;;20.5;-28.186767578125
1;6000;VEV_6500;0;16;;;;;1;16;;;;;0.5;0.0
1;6000;VEV_5500;6;19;;;;;7;19;;;;;6.5;7.618011474609375
1;6000;VEV_4500;787;7;785;14;;;804;7;806;14;;;795.5;-1.384765625
1;6000;VEV_4000;1285;14;1282;16;;;1306;14;1309;16;;;1295.5;-1.384765625
1;6100;VEV_5300;57;18;;;;;60;18;;;;;58.5;-205.9736328125
1;6100;VEV_5400;20;18;;;;;21;18;;;;;20.5;-42.7939453125
1;6100;VEV_6500;0;12;;;;;1;12;;;;;0.5;0.0
1;6100;VEV_4000;1285;14;1283;22;;;1307;14;1309;22;;;1296.0;-10.423828125
1;6100;VEV_5500;6;18;;;;;8;18;;;;;7.0;5.035614013671875
1;6100;VELVETFRUIT_EXTRACT;5293;49;;;;;5299;49;;;;;5296.0;-228.8125
1;6100;VEV_6000;0;18;;;;;1;18;;;;;0.5;0.0
1;6100;VEV_4500;788;8;786;14;;;804;8;806;14;;;796.0;-10.4228515625
1;6100;VEV_5000;294;8;293;14;;;301;22;;;;;297.5;-6.978515625
1;6100;VEV_5100;200;8;199;14;;;205;22;;;;;202.5;-69.255859375
1;6100;HYDROGEL_PACK;10009;14;10007;26;;;10025;14;10028;26;;;10017.0;-774.25
1;6100;VEV_5200;118;22;;;;;121;8;122;14;;;119.5;-353.0703125
1;6200;VEV_4500;789;11;787;15;;;806;11;808;15;;;797.5;-36.595703125
1;6200;VEV_4000;1287;13;1284;22;;;1308;13;1311;22;;;1297.5;-36.595703125
1;6200;VEV_6000;0;18;;;;;1;18;;;;;0.5;0.0
1;6200;VEV_5000;295;11;294;15;;;302;11;303;15;;;298.5;-19.7880859375
1;6200;VELVETFRUIT_EXTRACT;5295;16;5294;48;;;5300;16;5301;48;;;5297.5;-404.8125
1;6200;VEV_5100;201;11;200;15;;;206;26;;;;;203.5;-174.2744140625
1;6200;HYDROGEL_PACK;10009;14;10006;20;;;10025;14;10027;20;;;10017.0;-724.3125
1;6200;VEV_5200;119;26;;;;;122;11;123;15;;;120.5;-678.9609375
1;6200;VEV_5300;58;18;;;;;60;18;;;;;59.0;-396.58984375
1;6200;VEV_5400;20;18;;;;;22;18;;;;;21.0;-79.6787109375
1;6200;VEV_6500;0;16;;;;;1;16;;;;;0.5;0.0
1;6200;VEV_5500;6;18;;;;;8;18;;;;;7.0;-2.9228515625
1;6300;VEV_6000;0;20;;;;;1;20;;;;;0.5;0.0
1;6300;VEV_4500;788;11;786;24;;;805;11;807;24;;;796.5;-18.9501953125
1;6300;VEV_5000;294;11;293;24;;;301;11;302;24;;;297.5;-11.134765625
1;6300;VEV_5100;200;11;199;24;;;205;11;206;24;;;202.5;-103.310546875
1;6300;VEV_5200;118;35;;;;;122;35;;;;;120.0;-456.23828125
1;6300;HYDROGEL_PACK;10007;15;10004;30;;;10023;15;10025;30;;;10015.0;-548.375
1;6300;VEV_5300;57;20;;;;;60;20;;;;;58.5;-272.5
1;6300;VEV_5400;20;20;;;;;21;20;;;;;20.5;-54.371337890625
1;6300;VEV_6500;0;18;;;;;1;18;;;;;0.5;0.0
1;6300;VEV_4000;1286;9;1283;16;;;1307;9;1310;16;;;1296.5;-18.951171875
1;6300;VEV_5500;6;20;;;;;8;20;;;;;7.0;3.09124755859375
1;6300;VELVETFRUIT_EXTRACT;5294;24;5293;49;;;5295;10;5299;24;5300;49;5294.5;-286.125
1;6400;VEV_6000;0;25;;;;;1;25;;;;;0.5;0.0
1;6400;VEV_5000;293;12;292;19;;;299;12;300;19;;;296.0;3.87255859375
1;6400;VELVETFRUIT_EXTRACT;5292;68;;;;;5297;23;5298;45;;;5294.5;-99.125
1;6400;VEV_5100;198;31;;;;;203;12;204;19;;;200.5;8.955078125
1;6400;VEV_5200;117;31;;;;;120;12;121;19;;;118.5;-81.2890625
1;6400;HYDROGEL_PACK;10008;13;10006;23;;;10024;13;10027;23;;;10016.0;-681.4375
1;6400;VEV_5300;57;7;56;18;;;59;25;;;;;58.0;-60.35546875
1;6400;VEV_5400;19;25;;;;;21;25;;;;;20.0;-11.7618408203125
1;6400;VEV_6500;0;15;;;;;1;15;;;;;0.5;0.0
1;6400;VEV_5500;6;25;;;;;7;25;;;;;6.5;12.949371337890625
1;6400;VEV_4500;786;12;784;19;;;803;12;805;19;;;794.5;11.70703125
1;6400;VEV_4000;1284;13;1281;23;;;1306;13;1308;23;;;1295.0;11.70703125
1;6500;VEV_6500;0;11;;;;;1;11;;;;;0.5;0.0
1;6500;VEV_5300;57;28;;;;;60;28;;;;;58.5;-277.02734375
1;6500;VEV_5400;20;28;;;;;21;28;;;;;20.5;-53.448974609375
1;6500;VEV_5500;6;28;;;;;8;28;;;;;7.0;2.901641845703125
1;6500;VEV_4500;788;11;786;13;;;805;11;807;13;;;796.5;-18.5966796875
1;6500;VELVETFRUIT_EXTRACT;5294;23;5293;45;;;5299;23;5300;45;;;5296.5;-343.25
1;6500;VEV_6000;0;28;;;;;1;28;;;;;0.5;0.0
1;6500;VEV_5000;294;11;293;13;;;301;11;302;13;;;297.5;-10.9912109375
1;6500;VEV_4000;1286;10;1283;29;;;1307;10;1310;29;;;1296.5;-18.595703125
1;6500;VEV_5100;200;11;199;13;;;205;11;206;13;;;202.5;-129.216796875
1;6500;VEV_5200;118;24;;;;;122;24;;;;;120.0;-463.07421875
1;6500;HYDROGEL_PACK;10010;13;10008;26;;;10026;13;10029;26;;;10018.0;-864.6875
1;6600;VEV_5000;295;6;294;13;;;302;6;303;13;;;298.5;-17.345947265625
1;6600;VEV_6000;0;24;;;;;1;24;;;;;0.5;0.0
1;6600;VEV_4000;1286;10;1284;29;;;1308;10;1311;29;;;1297.0;-31.5859375
1;6600;VEV_5100;201;6;200;13;;;206;19;;;;;203.5;-188.11328125
1;6600;VELVETFRUIT_EXTRACT;5295;22;5294;48;;;5296;12;5300;70;;;5295.5;-447.875
1;6600;VEV_5200;119;19;;;;;122;6;123;13;;;120.5;-627.05859375
1;6600;HYDROGEL_PACK;10008;10;10005;26;;;10024;10;10026;26;;;10016.0;-637.75
1;6600;VEV_6500;0;17;;;;;1;17;;;;;0.5;0.0
1;6600;VEV_5300;58;24;;;;;60;24;;;;;59.0;-367.4609375
1;6600;VEV_5400;20;24;;;;;22;24;;;;;21.0;-72.51171875
1;6600;VEV_5500;6;24;;;;;8;24;;;;;7.0;-1.40948486328125
1;6600;VEV_4500;789;6;787;13;;;806;6;808;13;;;797.5;-31.5859375
1;6700;VEV_5000;294;12;293;12;;;301;12;302;12;;;297.5;-7.857177734375
1;6700;VEV_6000;0;24;;;;;1;24;;;;;0.5;0.0
1;6700;VEV_4000;1285;13;1283;15;;;1307;13;1310;15;;;1296.0;-12.2265625
1;6700;VEV_5100;200;12;199;12;;;205;24;;;;;202.5;-106.703125
1;6700;VEV_5200;118;24;;;;;121;12;122;12;;;119.5;-387.0078125
1;6700;HYDROGEL_PACK;10007;15;10004;22;;;10023;15;10025;22;;;10015.0;-536.3125
1;6700;VEV_6500;0;15;;;;;1;15;;;;;0.5;0.0
1;6700;VEV_5300;57;24;;;;;60;24;;;;;58.5;-238.470703125
1;6700;VEV_5400;20;24;;;;;21;24;;;;;20.5;-45.052734375
1;6700;VEV_5500;6;24;;;;;7;9;8;15;;;6.5;5.07073974609375
1;6700;VEV_4500;788;12;786;12;;;805;12;807;12;;;796.5;-12.2265625
1;6700;VELVETFRUIT_EXTRACT;5294;24;5293;49;;;5299;73;;;;;5296.5;-316.625
1;6800;VEV_5000;295;8;294;17;;;302;8;303;17;;;298.5;-18.01416015625
1;6800;VEV_6000;0;18;;;;;1;18;;;;;0.5;0.0
1;6800;VEV_4000;1286;7;1284;22;;;1308;7;1311;22;;;1297.0;-32.98046875
1;6800;VEV_5100;201;8;200;17;;;206;25;;;;;203.5;-207.810546875
1;6800;VELVETFRUIT_EXTRACT;5295;18;5294;48;;;5300;66;;;;;5297.5;-509.25
1;6800;VEV_5200;119;25;;;;;122;8;123;17;;;120.5;-652.578125
1;6800;HYDROGEL_PACK;10007;14;10005;27;;;10023;14;10026;27;;;10015.0;-570.9375
1;6800;VEV_6500;0;17;;;;;1;17;;;;;0.5;0.0
1;6800;VEV_5300;58;18;;;;;60;18;;;;;59.0;-401.591796875
1;6800;VEV_5400;20;18;;;;;22;18;;;;;21.0;-75.83837890625
1;6800;VEV_5500;6;18;;;;;8;18;;;;;7.0;-2.93365478515625
1;6800;VEV_4500;789;8;787;17;;;806;8;808;17;;;797.5;-32.98046875
1;6900;VEV_6500;0;13;;;;;1;13;;;;;0.5;0.0
1;6900;VEV_5300;57;18;;;;;60;18;;;;;58.5;-310.296875
1;6900;VEV_5400;20;18;;;;;21;7;22;11;;;20.5;-62.09228515625
1;6900;VEV_5500;6;18;;;;;8;18;;;;;7.0;0.361724853515625
1;6900;VEV_4500;788;11;786;23;;;805;11;807;23;;;796.5;-21.7568359375
1;6900;VELVETFRUIT_EXTRACT;5294;54;;;;;5299;23;5300;31;;;5296.5;-405.125
1;6900;VEV_5000;294;34;;;;;301;11;302;23;;;297.5;-12.51318359375
1;6900;VEV_6000;0;18;;;;;1;18;;;;;0.5;0.0
1;6900;VEV_4000;1286;9;1283;23;;;1308;9;1310;23;;;1297.0;-21.755859375
1;6900;VEV_5100;200;34;;;;;205;11;206;23;;;202.5;-165.466796875
1;6900;VEV_5200;118;34;;;;;122;34;;;;;120.0;-509.84375
1;6900;HYDROGEL_PACK;10004;13;10002;30;;;10020;13;10023;30;;;10012.0;-324.0
1;7000;VEV_5000;294;11;293;23;;;301;11;302;23;;;297.5;-8.41748046875
1;7000;VEV_6000;0;24;;;;;1;24;;;;;0.5;0.0
1;7000;VEV_4000;1285;15;1283;27;;;1307;15;1310;27;;;1296.0;-13.408203125
1;7000;VEV_5100;200;11;199;23;;;205;34;;;;;202.5;-121.216796875
1;7000;VELVETFRUIT_EXTRACT;5294;18;5293;36;;;5299;54;;;;;5296.5;-327.625
1;7000;VEV_5200;118;34;;;;;122;34;;;;;120.0;-413.26953125
1;7000;HYDROGEL_PACK;10003;10;10000;26;;;10019;10;10021;26;;;10011.0;-150.6875
1;7000;VEV_5400;20;24;;;;;21;24;;;;;20.5;-51.73046875
1;7000;VEV_6500;0;19;;;;;1;19;;;;;0.5;0.0
1;7000;VEV_5300;57;24;;;;;60;24;;;;;58.5;-245.650390625
1;7000;VEV_4500;788;11;786;23;;;805;11;807;23;;;796.5;-13.4091796875
1;7000;VEV_5500;6;24;;;;;8;24;;;;;7.0;3.1890869140625
1;7100;VEV_5000;294;32;;;;;301;9;302;23;;;297.5;-11.639892578125
1;7100;VEV_6000;0;16;;;;;1;16;;;;;0.5;0.0
1;7100;VEV_4000;1286;11;1283;25;;;1307;11;1310;25;;;1296.5;-19.982421875
1;7100;VEV_5200;118;32;;;;;122;32;;;;;120.0;-482.2265625
1;7100;VEV_5100;200;32;;;;;205;9;206;23;;;202.5;-156.810546875
1;7100;HYDROGEL_PACK;10006;11;10003;26;;;10022;11;10024;26;;;10014.0;-453.8125
1;7100;VEV_5400;20;16;;;;;21;6;22;10;;;20.5;-61.401123046875
1;7100;VEV_6500;0;15;;;;;1;15;;;;;0.5;0.0
1;7100;VEV_5300;57;16;;;;;60;16;;;;;58.5;-286.71484375
1;7100;VEV_4500;788;9;786;23;;;805;9;807;23;;;796.5;-19.9814453125
1;7100;VEV_5500;6;16;;;;;8;16;;;;;7.0;0.871673583984375
1;7100;VELVETFRUIT_EXTRACT;5294;20;5293;34;;;5299;20;5300;34;;;5296.5;-388.625
1;7200;VEV_5000;294;6;293;19;;;301;6;302;19;;;297.5;-10.48486328125
1;7200;VEV_6000;0;20;;;;;1;20;;;;;0.5;0.0
1;7200;VEV_4000;1286;15;1283;30;;;1307;15;1310;30;;;1296.5;-17.685546875
1;7200;VEV_5200;118;25;;;;;122;25;;;;;120.0;-457.65234375
1;7200;VELVETFRUIT_EXTRACT;5294;21;5293;30;;;5299;21;5300;30;;;5296.5;-367.375
1;7200;VEV_5100;200;6;199;19;;;205;25;;;;;202.5;-145.44921875
1;7200;HYDROGEL_PACK;10007;11;10004;20;;;10023;11;10025;20;;;10015.0;-543.875
1;7200;VEV_5400;20;20;;;;;21;20;;;;;20.5;-56.341064453125
1;7200;VEV_6500;0;18;;;;;1;18;;;;;0.5;0.0
1;7200;VEV_5300;57;20;;;;;60;20;;;;;58.5;-272.115234375
1;7200;VEV_4500;788;6;786;19;;;805;6;807;19;;;796.5;-17.685546875
1;7200;VEV_5500;6;20;;;;;8;20;;;;;7.0;1.628936767578125
1;7300;VEV_5400;20;26;;;;;21;26;;;;;20.5;-47.3857421875
1;7300;VEV_6500;0;19;;;;;1;19;;;;;0.5;0.0
1;7300;VEV_5300;57;26;;;;;60;26;;;;;58.5;-226.53515625
1;7300;VEV_4500;788;7;786;15;;;805;7;807;15;;;796.5;-11.7197265625
1;7300;VEV_5500;6;26;;;;;8;26;;;;;7.0;3.00860595703125
1;7300;VELVETFRUIT_EXTRACT;5293;60;;;;;5299;60;;;;;5296.0;-312.0
1;7300;VEV_5000;294;7;293;15;;;301;22;;;;;297.5;-7.539306640625
1;7300;VEV_6000;0;26;;;;;1;26;;;;;0.5;0.0
1;7300;VEV_4000;1285;7;1283;27;;;1307;7;1310;27;;;1296.0;-11.720703125
1;7300;VEV_5200;118;22;;;;;121;7;122;15;;;119.5;-382.78125
1;7300;VEV_5100;200;7;199;15;;;205;22;;;;;202.5;-115.52734375
1;7300;HYDROGEL_PACK;10008;11;10005;23;;;10024;11;10026;23;;;10016.0;-626.625
1;7400;VEV_5000;295;11;294;21;;;302;11;303;21;;;298.5;-17.71142578125
1;7400;VEV_6000;0;25;;;;;1;25;;;;;0.5;0.0
1;7400;VEV_4000;1286;11;1284;17;;;1308;11;1311;17;;;1297.0;-32.548828125
1;7400;VEV_5200;119;32;;;;;122;11;123;21;;;120.5;-644.1171875
1;7400;VELVETFRUIT_EXTRACT;5295;18;5294;32;;;5300;50;;;;;5297.5;-505.1875
1;7400;VEV_5100;201;11;200;21;;;206;32;;;;;203.5;-227.533203125
1;7400;VEV_5400;20;25;;;;;22;25;;;;;21.0;-76.39453125
1;7400;VEV_6500;0;14;;;;;1;14;;;;;0.5;0.0
1;7400;HYDROGEL_PACK;10012;13;10010;22;;;10028;13;10031;22;;;10020.0;-1056.5625
1;7400;VEV_5300;58;25;;;;;60;25;;;;;59.0;-384.09375
1;7400;VEV_4500;789;11;787;21;;;806;11;808;21;;;797.5;-32.546875
1;7400;VEV_5500;6;25;;;;;8;25;;;;;7.0;-3.93035888671875
1;7500;HYDROGEL_PACK;10010;11;10008;30;;;10026;11;10029;30;;;10018.0;-893.9375
1;7500;VEV_5000;294;7;293;16;;;300;7;301;16;;;297.0;-5.0546875
1;7500;VEV_6000;0;21;;;;;1;21;;;;;0.5;0.0
1;7500;VEV_4000;1285;15;1282;21;;;1307;15;1309;21;;;1296.0;-6.6796875
1;7500;VEV_5200;118;23;;;;;121;23;;;;;119.5;-322.2421875
1;7500;VEV_5100;199;23;;;;;204;7;205;16;;;201.5;-91.34765625
1;7500;VEV_5400;20;21;;;;;21;21;;;;;20.5;-40.29345703125
1;7500;VEV_6500;0;16;;;;;1;16;;;;;0.5;0.0
1;7500;VEV_5300;57;21;;;;;59;10;60;11;;;58.0;-172.35546875
1;7500;VEV_4500;787;7;785;16;;;804;7;806;16;;;795.5;-6.6796875
1;7500;VEV_5500;6;21;;;;;8;21;;;;;7.0;4.034454345703125
1;7500;VELVETFRUIT_EXTRACT;5293;71;;;;;5298;23;5299;48;;;5295.5;-265.1875
1;7600;VEV_5000;297;5;294;24;;;301;8;302;16;;;299.0;-12.617919921875
1;7600;VEV_6000;0;32;;;;;1;27;;;;;0.5;0.0
1;7600;VEV_5200;120;5;118;24;;;122;24;;;;;121.0;-516.63671875
1;7600;VELVETFRUIT_EXTRACT;5294;70;;;;;5299;22;5300;48;;;5296.5;-408.125
1;7600;VEV_4000;1296;5;1286;10;1283;21;1308;10;1310;21;;;1302.0;-22.080078125
1;7600;VEV_5100;202;5;200;24;;;205;8;206;16;;;203.5;-172.8671875
1;7600;VEV_5400;20;32;;;;;21;9;22;18;;;20.5;-63.156982421875
1;7600;HYDROGEL_PACK;10008;15;10006;22;;;10024;15;10027;22;;;10016.0;-683.0
1;7600;VEV_5300;58;5;57;27;;;60;27;;;;;59.0;-300.306640625
1;7600;VEV_4500;796;5;788;8;786;16;805;8;807;16;;;800.5;-22.080078125
1;7600;VEV_6500;0;19;;;;;1;14;;;;;0.5;0.0
1;7600;VEV_5500;7;5;6;27;;;8;27;;;;;7.5;-1.449554443359375
1;7700;VEV_5400;20;28;;;;;22;28;;;;;21.0;-68.78369140625
1;7700;VEV_5300;57;28;;;;;60;28;;;;;58.5;-321.8359375
1;7700;VEV_4500;788;11;786;17;;;805;11;807;17;;;796.5;-29.14453125
1;7700;VEV_6500;0;17;;;;;1;17;;;;;0.5;0.0
1;7700;VEV_5500;6;28;;;;;8;28;;;;;7.0;-1.97900390625
1;7700;VELVETFRUIT_EXTRACT;5294;61;;;;;5299;19;5300;42;;;5296.5;-435.0
1;7700;HYDROGEL_PACK;10007;11;10005;20;;;10023;11;10026;20;;;10015.0;-572.75
1;7700;VEV_5000;295;11;294;17;;;301;11;302;17;;;298.0;-14.003662109375
1;7700;VEV_5200;119;11;118;17;;;122;28;;;;;120.5;-552.2265625
1;7700;VEV_6000;0;28;;;;;1;28;;;;;0.5;0.0
1;7700;VEV_4000;1286;15;1283;18;;;1308;15;1310;18;;;1297.0;-29.142578125
1;7700;VEV_5100;200;28;;;;;205;11;206;17;;;202.5;-188.18359375
1;7800;VEV_5000;296;29;;;;;303;9;304;20;;;299.5;-31.4072265625
1;7800;VEV_5200;120;29;;;;;123;9;124;20;;;121.5;-992.703125
1;7800;VEV_6000;0;18;;;;;1;18;;;;;0.5;0.0
1;7800;VEV_4000;1288;11;1285;21;;;1310;11;1312;21;;;1299.0;-74.533203125
1;7800;VEV_5100;202;29;;;;;207;9;208;20;;;204.5;-375.431640625
1;7800;VELVETFRUIT_EXTRACT;5296;62;;;;;5301;19;5302;43;;;5298.5;-764.5625
1;7800;VEV_5400;21;6;20;12;;;22;18;;;;;21.5;-119.304931640625
1;7800;HYDROGEL_PACK;10008;10;10005;23;;;10024;10;10026;23;;;10016.0;-637.1875
1;7800;VEV_5300;58;18;;;;;61;18;;;;;59.5;-598.3515625
1;7800;VEV_4500;790;9;788;20;;;807;9;809;20;;;798.5;-74.533203125
1;7800;VEV_6500;0;14;;;;;1;14;;;;;0.5;0.0
1;7800;VEV_5500;7;18;;;;;8;18;;;;;7.5;-14.23480224609375
1;7900;HYDROGEL_PACK;10007;10;10005;30;;;10023;10;10026;30;;;10015.0;-605.0
1;7900;VEV_5000;296;7;295;20;;;303;7;304;20;;;299.5;-27.19970703125
1;7900;VEV_5200;120;7;119;20;;;123;27;;;;;121.5;-878.44921875
1;7900;VEV_6000;0;29;;;;;1;29;;;;;0.5;0.0
1;7900;VEV_4000;1287;12;1285;20;;;1309;12;1312;20;;;1298.0;-63.580078125
1;7900;VEV_5100;202;7;201;20;;;207;27;;;;;204.5;-329.578125
1;7900;VEV_5400;20;29;;;;;22;29;;;;;21.0;-107.9599609375
1;7900;VEV_5300;58;29;;;;;61;29;;;;;59.5;-543.49609375
1;7900;VEV_4500;790;7;788;20;;;807;7;809;20;;;798.5;-63.580078125
1;7900;VEV_6500;0;19;;;;;1;19;;;;;0.5;0.0
1;7900;VEV_5500;7;29;;;;;8;29;;;;;7.5;-11.13140869140625
1;7900;VELVETFRUIT_EXTRACT;5296;24;5295;39;;;5301;63;;;;;5298.5;-685.0625
1;8000;VEV_5000;297;7;296;17;;;304;24;;;;;300.5;-33.227783203125
1;8000;VEV_5200;120;24;;;;;124;24;;;;;122.0;-1024.31640625
1;8000;VEV_6000;0;18;;;;;1;18;;;;;0.5;0.0
1;8000;VEV_4000;1288;14;1286;23;;;1310;14;1312;23;;;1299.0;-79.20703125
1;8000;VEV_5100;202;24;;;;;207;7;208;17;;;204.5;-414.916015625
1;8000;VELVETFRUIT_EXTRACT;5296;55;;;;;5302;55;;;;;5299.0;-798.5625
1;8000;VEV_5400;21;6;20;12;;;22;18;;;;;21.5;-124.47509765625
1;8000;HYDROGEL_PACK;10006;11;10004;27;;;10022;11;10025;27;;;10014.0;-506.9375
1;8000;VEV_5300;59;6;58;12;;;61;18;;;;;60.0;-651.0703125
1;8000;VEV_4500;791;7;789;17;;;807;7;809;17;;;799.0;-79.208984375
1;8000;VEV_6500;0;14;;;;;1;14;;;;;0.5;0.0
1;8000;VEV_5500;7;18;;;;;8;18;;;;;7.5;-15.631011962890625
1;8100;VEV_5500;7;19;;;;;8;19;;;;;7.5;-20.29168701171875
1;8100;VEV_5300;59;19;;;;;61;7;62;12;;;60.0;-742.96484375
1;8100;VEV_4500;791;7;789;13;;;808;7;810;13;;;799.5;-93.912109375
1;8100;VEV_5400;21;19;;;;;22;19;;;;;21.5;-142.586669921875
1;8100;VEV_6500;0;21;;;;;1;21;;;;;0.5;0.0
1;8100;VELVETFRUIT_EXTRACT;5297;23;5296;45;;;5302;23;5303;45;;;5299.5;-905.3125
1;8100;HYDROGEL_PACK;10008;11;10005;20;;;10024;11;10026;20;;;10016.0;-640.625
1;8100;VEV_5000;297;20;;;;;304;7;305;13;;;300.5;-38.850830078125
1;8100;VEV_5200;121;7;120;13;;;124;20;;;;;122.5;-1164.31640625
1;8100;VEV_6000;0;19;;;;;1;19;;;;;0.5;0.0
1;8100;VEV_4000;1289;8;1286;27;;;1311;8;1313;27;;;1300.0;-93.912109375
1;8100;VEV_5100;203;7;202;13;;;208;20;;;;;205.5;-480.4296875
1;8200;VEV_5100;202;30;;;;;207;12;208;18;;;204.5;-411.5703125
1;8200;VEV_5200;120;30;;;;;124;30;;;;;122.0;-1022.26171875
1;8200;VEV_6000;0;29;;;;;1;29;;;;;0.5;0.0
1;8200;VEV_4000;1288;7;1285;22;;;1310;7;1312;22;;;1299.0;-78.357421875
1;8200;VEV_5000;297;12;296;18;;;304;30;;;;;300.5;-32.8759765625
1;8200;VELVETFRUIT_EXTRACT;5296;57;;;;;5302;57;;;;;5299.0;-792.375
1;8200;HYDROGEL_PACK;10009;15;10007;27;;;10025;15;10028;27;;;10017.0;-773.5
1;8200;VEV_5500;7;29;;;;;8;29;;;;;7.5;-15.99639892578125
1;8200;VEV_5300;59;10;58;19;;;61;29;;;;;60.0;-637.8046875
1;8200;VEV_4500;790;12;788;18;;;807;12;809;18;;;798.5;-78.359375
1;8200;VEV_5400;21;10;20;19;;;22;29;;;;;21.5;-127.487548828125
1;8200;VEV_6500;0;16;;;;;1;16;;;;;0.5;0.0
1;8300;HYDROGEL_PACK;10009;14;10006;25;;;10025;14;10027;25;;;10017.0;-735.625
1;8300;VEV_5100;203;24;;;;;208;11;209;13;;;205.5;-513.453125
1;8300;VEV_5200;121;24;;;;;124;11;125;13;;;122.5;-1245.81640625
1;8300;VEV_6000;0;26;;;;;1;26;;;;;0.5;0.0
1;8300;VEV_4000;1289;14;1286;28;;;1311;14;1313;28;;;1300.0;-101.6875
1;8300;VEV_5000;298;11;297;13;;;305;24;;;;;301.5;-41.84375
1;8300;VEV_5500;7;26;;;;;8;26;;;;;7.5;-21.66986083984375
1;8300;VEV_5300;59;26;;;;;62;26;;;;;60.5;-781.6875
1;8300;VEV_4500;791;11;789;13;;;808;11;810;13;;;799.5;-101.6875
1;8300;VEV_5400;21;26;;;;;22;26;;;;;21.5;-169.95458984375
1;8300;VEV_6500;0;14;;;;;1;14;;;;;0.5;0.0
1;8300;VELVETFRUIT_EXTRACT;5297;51;;;;;5303;51;;;;;5300.0;-961.6875
1;8400;VEV_5100;201;31;;;;;206;11;207;20;;;203.5;-315.546875
1;8400;VEV_5200;119;31;;;;;123;31;;;;;121.0;-807.296875
1;8400;VEV_6000;0;25;;;;;1;25;;;;;0.5;0.0
1;8400;VEV_4000;1287;7;1285;26;;;1309;7;1312;26;;;1298.0;-57.349609375
1;8400;VEV_5000;296;11;295;20;;;303;31;;;;;299.5;-24.85205078125
1;8400;VELVETFRUIT_EXTRACT;5295;63;;;;;5301;63;;;;;5298.0;-639.8125
1;8400;HYDROGEL_PACK;10008;11;10005;26;;;10024;11;10026;26;;;10016.0;-624.0
1;8400;VEV_5500;7;25;;;;;8;25;;;;;7.5;-10.543701171875
1;8400;VEV_5300;58;25;;;;;61;25;;;;;59.5;-500.439453125
1;8400;VEV_4500;790;11;788;20;;;807;11;809;20;;;798.5;-57.349609375
1;8400;VEV_5400;20;25;;;;;22;25;;;;;21.0;-103.142822265625
1;8400;VEV_6500;0;17;;;;;1;17;;;;;0.5;0.0
1;8500;VEV_5500;7;26;;;;;8;26;;;;;7.5;-14.75311279296875
1;8500;VEV_5300;58;26;;;;;61;26;;;;;59.5;-594.59765625
1;8500;VEV_4500;790;7;788;22;;;807;7;809;22;;;798.5;-71.51171875
1;8500;VEV_5400;20;26;;;;;22;26;;;;;21.0;-123.99609375
1;8500;VEV_6500;0;12;;;;;1;12;;;;;0.5;0.0
1;8500;VELVETFRUIT_EXTRACT;5296;60;;;;;5301;15;5302;45;;;5298.5;-742.625
1;8500;HYDROGEL_PACK;10006;13;10004;25;;;10022;13;10025;25;;;10014.0;-500.8125
1;8500;VEV_5100;202;7;201;22;;;207;7;208;22;;;204.5;-377.828125
1;8500;VEV_5200;120;29;;;;;123;7;124;22;;;121.5;-948.30078125
1;8500;VEV_6000;0;26;;;;;1;26;;;;;0.5;0.0
1;8500;VEV_4000;1288;15;1285;29;;;1310;15;1312;29;;;1299.0;-71.51171875
1;8500;VEV_5000;296;29;;;;;303;7;304;22;;;299.5;-30.3037109375
1;8600;VEV_5100;202;9;201;24;;;207;33;;;;;204.5;-362.716796875
1;8600;VEV_5200;120;9;119;24;;;123;9;124;24;;;121.5;-919.52734375
1;8600;VEV_6000;0;25;;;;;1;25;;;;;0.5;0.0
1;8600;VEV_4000;1288;10;1285;16;;;1309;10;1312;16;;;1298.5;-68.212890625
1;8600;VEV_5000;296;9;295;24;;;303;9;304;24;;;299.5;-29.033447265625
1;8600;VELVETFRUIT_EXTRACT;5296;18;5295;32;;;5301;18;5302;32;;;5298.5;-718.625
1;8600;VEV_5500;7;25;;;;;8;25;;;;;7.5;-13.89105224609375
1;8600;HYDROGEL_PACK;10006;11;10004;29;;;10022;11;10025;29;;;10014.0;-498.125
1;8600;VEV_4500;790;9;788;24;;;807;9;809;24;;;798.5;-68.212890625
1;8600;VEV_5300;58;25;;;;;61;25;;;;;59.5;-580.291015625
1;8600;VEV_5400;20;25;;;;;22;25;;;;;21.0;-117.42431640625
1;8600;VEV_6500;0;15;;;;;1;15;;;;;0.5;0.0
1;8700;HYDROGEL_PACK;10006;10;10004;24;;;10022;10;10025;24;;;10014.0;-489.0625
1;8700;VEV_4000;1288;8;1285;19;;;1310;8;1312;19;;;1299.0;-75.15625
1;8700;VEV_5100;202;29;;;;;207;6;208;23;;;204.5;-393.498046875
1;8700;VEV_5200;120;29;;;;;123;6;124;23;;;121.5;-998.546875
1;8700;VEV_6000;0;25;;;;;1;25;;;;;0.5;0.0
1;8700;VEV_5000;296;29;;;;;303;6;304;23;;;299.5;-31.73681640625
1;8700;VEV_5500;7;25;;;;;8;25;;;;;7.5;-15.561065673828125
1;8700;VEV_4500;790;6;788;23;;;807;6;809;23;;;798.5;-75.15625
1;8700;VEV_6500;0;12;;;;;1;12;;;;;0.5;0.0
1;8700;VEV_5300;59;6;58;19;;;61;25;;;;;60.0;-618.822265625
1;8700;VEV_5400;21;6;20;19;;;22;25;;;;;21.5;-129.828369140625
1;8700;VELVETFRUIT_EXTRACT;5296;63;;;;;5301;25;5302;38;;;5298.5;-769.125
1;8800;VEV_4000;1288;11;1285;21;;;1310;11;1312;21;;;1299.0;-64.31640625
1;8800;VEV_5100;202;31;;;;;207;11;208;20;;;204.5;-407.171875
1;8800;VEV_5200;120;31;;;;;124;31;;;;;122.0;-1032.91015625
1;8800;VEV_5000;297;11;296;20;;;304;31;;;;;300.5;-33.17919921875
1;8800;VEV_6000;0;19;;;;;1;19;;;;;0.5;0.0
1;8800;VEV_5500;7;19;;;;;8;19;;;;;7.5;-16.175933837890625
1;8800;HYDROGEL_PACK;10002;12;10000;29;;;10018;12;10021;29;;;10010.0;-102.6875
1;8800;VEV_4500;790;11;788;20;;;807;11;809;20;;;798.5;-70.31640625
1;8800;VEV_6500;0;19;;;;;1;19;;;;;0.5;0.0
1;8800;VEV_5300;59;9;58;10;;;61;19;;;;;60.0;-634.572265625
1;8800;VEV_5400;21;9;20;10;;;22;19;;;;;21.5;-131.39990234375
1;8800;VELVETFRUIT_EXTRACT;5296;60;;;;;5302;60;;;;;5299.0;-792.4375
1;8900;VEV_5500;7;20;;;;;8;20;;;;;7.5;-19.651763916015625
1;8900;VEV_4500;791;12;789;21;;;808;12;810;21;;;799.5;-85.484375
1;8900;VEV_6500;0;21;;;;;1;21;;;;;0.5;0.0
1;8900;VEV_5300;59;20;;;;;61;20;;;;;60.0;-714.421875
1;8900;VEV_5400;21;20;;;;;22;20;;;;;21.5;-151.887451171875
1;8900;VELVETFRUIT_EXTRACT;5297;15;5296;36;;;5302;15;5303;36;;;5299.5;-893.8125
1;8900;HYDROGEL_PACK;10001;10;9999;27;;;10017;10;10020;27;;;10009.0;-29.4375
1;8900;VEV_4000;1289;14;1286;18;;;1310;14;1313;18;;;1299.5;-79.484375
1;8900;VEV_5100;203;12;202;21;;;208;33;;;;;205.5;-469.177734375
1;8900;VEV_5200;121;12;120;21;;;124;33;;;;;122.5;-1170.05078125
1;8900;VEV_5000;297;12;296;21;;;304;12;305;21;;;300.5;-39.698486328125
1;8900;VEV_6000;0;20;;;;;1;20;;;;;0.5;0.0
1;9000;VELVETFRUIT_EXTRACT;5296;20;5295;43;;;5301;20;5302;43;;;5298.5;-735.9375
1;9000;VEV_4000;1288;9;1285;17;;;1310;9;1312;17;;;1299.0;-55.859375
1;9000;VEV_5100;202;8;201;17;;;207;8;208;17;;;204.5;-371.0234375
1;9000;VEV_5200;120;25;;;;;123;8;124;17;;;121.5;-957.04296875
1;9000;VEV_5000;296;25;;;;;303;8;304;17;;;299.5;-29.5322265625
1;9000;VEV_6000;0;27;;;;;1;27;;;;;0.5;0.0
1;9000;VEV_5500;7;27;;;;;8;27;;;;;7.5;-14.0965576171875
1;9000;HYDROGEL_PACK;10002;15;9999;22;;;10018;15;10020;22;;;10010.0;-87.8125
1;9000;VEV_4500;790;8;788;17;;;807;8;809;17;;;798.5;-61.861328125
1;9000;VEV_6500;0;13;;;;;1;13;;;;;0.5;0.0
1;9000;VEV_5300;58;27;;;;;61;27;;;;;59.5;-576.69921875
1;9000;VEV_5400;20;27;;;;;22;27;;;;;21.0;-121.948974609375
1;9100;VELVETFRUIT_EXTRACT;5297;54;;;;;5303;54;;;;;5300.0;-981.0625
1;9100;HYDROGEL_PACK;10003;14;10000;29;;;10019;14;10021;29;;;10011.0;-183.0625
1;9100;VEV_4000;1289;15;1287;27;;;1311;15;1314;27;;;1300.0;-92.548828125
1;9100;VEV_5100;203;23;;;;;208;11;209;12;;;205.5;-522.921875
1;9100;VEV_5200;121;23;;;;;124;11;125;12;;;122.5;-1288.11328125
1;9100;VEV_5000;298;11;297;12;;;305;23;;;;;301.5;-45.33349609375
1;9100;VEV_6000;0;23;;;;;1;23;;;;;0.5;0.0
1;9100;VEV_5500;7;23;;;;;8;23;;;;;7.5;-23.4207763671875
1;9100;VEV_4500;792;11;790;12;;;809;11;811;12;;;800.5;-98.548828125
1;9100;VEV_6500;0;16;;;;;1;16;;;;;0.5;0.0
1;9100;VEV_5300;59;23;;;;;62;23;;;;;60.5;-789.755859375
1;9100;VEV_5400;21;23;;;;;22;23;;;;;21.5;-182.0478515625
1;9200;VEV_4000;1288;15;1286;18;;;1310;15;1313;18;;;1299.0;-68.845703125
1;9200;VEV_5100;202;24;;;;;207;12;208;12;;;204.5;-425.7578125
1;9200;VEV_5200;120;24;;;;;124;24;;;;;122.0;-1080.29296875
1;9200;VEV_5000;297;12;296;12;;;304;12;305;12;;;300.5;-35.110107421875
1;9200;VEV_6000;0;23;;;;;1;23;;;;;0.5;0.0
1;9200;HYDROGEL_PACK;10002;15;10000;22;;;10018;15;10021;22;;;10010.0;-121.0
1;9200;VEV_4500;791;12;789;12;;;808;12;810;12;;;799.5;-74.845703125
1;9200;VEV_5500;7;23;;;;;8;23;;;;;7.5;-18.3948974609375
1;9200;VEV_6500;0;15;;;;;1;15;;;;;0.5;0.0
1;9200;VEV_5300;59;5;58;18;;;61;23;;;;;60.0;-662.77734375
1;9200;VEV_5400;21;5;20;18;;;22;23;;;;;21.5;-139.6650390625
1;9200;VELVETFRUIT_EXTRACT;5297;21;5296;41;;;5302;62;;;;;5299.5;-822.6875
1;9300;VEV_4500;789;9;787;13;;;806;9;808;13;;;797.5;-40.802734375
1;9300;VEV_5500;7;26;;;;;8;26;;;;;7.5;-9.933502197265625
1;9300;VEV_5400;20;26;;;;;22;26;;;;;21.0;-80.289794921875
1;9300;VEV_6500;0;14;;;;;1;14;;;;;0.5;0.0
1;9300;VEV_5300;58;26;;;;;60;10;61;16;;;59.0;-464.83984375
1;9300;VELVETFRUIT_EXTRACT;5295;65;;;;;5300;19;5301;46;;;5297.5;-595.25
1;9300;HYDROGEL_PACK;9999;14;9997;30;;;10015;14;10018;30;;;10007.0;173.5625
1;9300;VEV_4000;1287;10;1284;19;;;1309;10;1311;19;;;1298.0;-34.802734375
1;9300;VEV_5200;119;22;;;;;123;22;;;;;121.0;-773.15625
1;9300;VEV_5100;201;22;;;;;206;9;207;13;;;203.5;-283.630859375
1;9300;VEV_5000;295;22;;;;;302;9;303;13;;;298.5;-20.427734375
1;9300;VEV_6000;0;26;;;;;1;26;;;;;0.5;0.0
1;9400;VELVETFRUIT_EXTRACT;5295;59;;;;;5301;59;;;;;5298.0;-643.875
1;9400;VEV_4000;1287;12;1285;27;;;1309;12;1312;27;;;1298.0;-42.072265625
1;9400;VEV_5200;120;9;119;12;;;123;21;;;;;121.5;-842.61328125
1;9400;VEV_5100;201;21;;;;;206;9;207;12;;;203.5;-312.708984375
1;9400;VEV_5000;296;9;295;12;;;303;21;;;;;299.5;-23.568115234375
1;9400;VEV_6000;0;25;;;;;1;25;;;;;0.5;0.0
1;9400;HYDROGEL_PACK;9997;13;9994;26;;;10013;13;10015;26;;;10005.0;396.25
1;9400;VEV_4500;790;9;788;12;;;807;9;809;12;;;798.5;-48.072265625
1;9400;VEV_5500;7;25;;;;;8;25;;;;;7.5;-11.44451904296875
1;9400;VEV_5400;20;25;;;;;22;25;;;;;21.0;-91.55615234375
1;9400;VEV_6500;0;21;;;;;1;21;;;;;0.5;0.0
1;9400;VEV_5300;58;25;;;;;61;25;;;;;59.5;-494.40625
1;9500;VELVETFRUIT_EXTRACT;5295;23;5294;43;;;5300;23;5301;43;;;5297.5;-546.6875
1;9500;HYDROGEL_PACK;9996;10;9993;23;;;10012;10;10014;23;;;10004.0;488.875
1;9500;VEV_4000;1287;11;1284;30;;;1308;11;1311;30;;;1297.5;-27.521484375
1;9500;VEV_5200;119;33;;;;;123;33;;;;;121.0;-714.65234375
1;9500;VEV_5100;201;12;200;21;;;206;33;;;;;203.5;-252.47265625
1;9500;VEV_5000;295;12;294;21;;;302;12;303;21;;;298.5;-17.29541015625
1;9500;VEV_6000;0;28;;;;;1;28;;;;;0.5;0.0
1;9500;VEV_4500;789;12;787;21;;;806;12;808;21;;;797.5;-33.51953125
1;9500;VEV_5500;7;28;;;;;8;28;;;;;7.5;-8.407257080078125
1;9500;VEV_5400;20;28;;;;;22;28;;;;;21.0;-67.333251953125
1;9500;VEV_6500;0;14;;;;;1;14;;;;;0.5;0.0
1;9500;VEV_5300;58;28;;;;;60;28;;;;;59.0;-414.08984375
1;9600;VEV_4000;1287;12;1284;17;;;1308;12;1311;17;;;1297.5;-24.54296875
1;9600;VEV_5200;119;25;;;;;122;7;123;18;;;120.5;-678.02734375
1;9600;VEV_5100;201;7;200;18;;;206;25;;;;;203.5;-239.39453125
1;9600;VEV_5000;295;7;294;18;;;302;7;303;18;;;298.5;-15.99560546875
1;9600;VEV_6000;0;18;;;;;1;18;;;;;0.5;0.0
1;9600;VEV_4500;789;7;787;18;;;806;7;808;18;;;797.5;-30.54296875
1;9600;VEV_5500;7;18;;;;;8;18;;;;;7.5;-8.1497802734375
1;9600;VEV_5400;20;18;;;;;22;18;;;;;21.0;-63.74462890625
1;9600;VEV_6500;0;19;;;;;1;19;;;;;0.5;0.0
1;9600;HYDROGEL_PACK;9994;12;9992;30;;;10010;12;10013;30;;;10002.0;632.6875
1;9600;VEV_5300;58;18;;;;;60;18;;;;;59.0;-400.7578125
1;9600;VELVETFRUIT_EXTRACT;5295;20;5294;43;;;5300;20;5301;43;;;5297.5;-526.75
1;9700;VEV_4500;790;7;788;12;;;807;7;809;12;;;798.5;-50.482421875
1;9700;VEV_5500;7;19;;;;;8;19;;;;;7.5;-12.94158935546875
1;9700;VEV_5400;20;19;;;;;22;19;;;;;21.0;-102.18603515625
1;9700;VEV_6500;0;12;;;;;1;12;;;;;0.5;0.0
1;9700;VEV_5300;58;19;;;;;61;19;;;;;59.5;-522.6875
1;9700;VELVETFRUIT_EXTRACT;5296;19;5295;50;;;5301;69;;;;;5298.5;-659.9375
1;9700;HYDROGEL_PACK;9993;10;9990;20;;;10009;10;10011;20;;;10001.0;783.0625
1;9700;VEV_4000;1287;14;1285;15;;;1309;14;1312;15;;;1298.0;-44.482421875
1;9700;VEV_5200;120;7;119;12;;;123;19;;;;;121.5;-853.90625
1;9700;VEV_5100;201;19;;;;;207;19;;;;;204.0;-322.525390625
1;9700;VEV_5000;296;7;295;12;;;303;7;304;12;;;299.5;-24.595703125
1;9700;VEV_6000;0;19;;;;;1;19;;;;;0.5;0.0
1;9800;VELVETFRUIT_EXTRACT;5295;23;5294;50;;;5300;23;5301;50;;;5297.5;-537.6875
1;9800;VEV_5200;119;27;;;;;122;6;123;21;;;120.5;-696.15234375
1;9800;VEV_6500;0;18;;;;;1;18;;;;;0.5;0.0
1;9800;VEV_4000;1287;7;1284;27;;;1308;7;1311;27;;;1297.5;-26.185546875
1;9800;VEV_5100;201;6;200;21;;;206;27;;;;;203.5;-245.9296875
1;9800;VEV_5000;295;6;294;21;;;302;6;303;21;;;298.5;-16.71044921875
1;9800;VEV_6000;0;22;;;;;1;22;;;;;0.5;0.0
1;9800;VEV_4500;789;6;787;21;;;806;6;808;21;;;797.5;-32.185546875
1;9800;VEV_5500;7;22;;;;;8;22;;;;;7.5;-7.846221923828125
1;9800;VEV_5400;20;22;;;;;22;22;;;;;21.0;-70.30712890625
1;9800;HYDROGEL_PACK;9991;12;9989;21;;;10007;12;10010;21;;;9999.0;899.125
1;9800;VEV_5300;58;22;;;;;60;22;;;;;59.0;-404.7890625
1;9900;VEV_6000;0;22;;;;;1;22;;;;;0.5;0.0
1;9900;VELVETFRUIT_EXTRACT;5294;24;5293;47;;;5299;71;;;;;5296.5;-351.4375
1;9900;HYDROGEL_PACK;9988;14;9985;21;;;10004;14;10006;21;;;9996.0;1231.25
1;9900;VEV_5200;118;23;;;;;122;23;;;;;120.0;-447.44921875
1;9900;VEV_4000;1285;7;1283;26;;;1307;7;1310;26;;;1296.0;1.703125
1;9900;VEV_5100;200;11;199;12;;;205;23;;;;;202.5;-131.384765625
1;9900;VEV_5000;294;11;293;12;;;301;11;302;12;;;297.5;-4.711181640625
1;9900;VEV_4500;788;11;786;12;;;805;11;807;12;;;796.5;-4.296875
1;9900;VEV_5500;6;22;;;;;8;22;;;;;7.0;-0.8089599609375
1;9900;VEV_5400;20;22;;;;;21;22;;;;;20.5;-18.49267578125
1;9900;VEV_5300;57;22;;;;;60;22;;;;;58.5;-247.875
1;9900;VEV_6500;0;15;;;;;1;15;;;;;0.5;0.0
1;10000;VEV_5200;118;20;;;;;122;20;;;;;120.0;-472.6328125
1;10000;VEV_6500;0;13;;;;;1;13;;;;;0.5;0.0
1;10000;VEV_4000;1286;12;1283;16;;;1307;12;1310;16;;;1296.5;-2.09765625
1;10000;VEV_5100;200;7;199;13;;;205;7;206;13;;;202.5;-147.17578125
1;10000;VEV_5000;294;7;293;13;;;301;7;302;13;;;297.5;-6.375244140625
1;10000;VEV_6000;0;19;;;;;1;19;;;;;0.5;0.0
1;10000;VEV_4500;788;7;786;13;;;805;7;807;13;;;796.5;-8.099609375
1;10000;VEV_5500;6;19;;;;;8;19;;;;;7.0;-2.2352294921875
1;10000;VEV_5400;20;19;;;;;21;19;;;;;20.5;-21.998046875
1;10000;HYDROGEL_PACK;9987;14;9984;22;;;10003;14;10005;22;;;9995.0;1327.875
1;10000;VEV_5300;57;19;;;;;60;19;;;;;58.5;-266.412109375
1;10000;VELVETFRUIT_EXTRACT;5294;22;5293;36;;;5299;22;5300;36;;;5296.5;-376.8125
1;10100;VEV_4500;788;12;786;24;;;805;12;807;24;;;796.5;2.478515625
1;10100;VEV_5500;6;18;;;;;8;18;;;;;7.0;-0.694061279296875
1;10100;VEV_5400;20;18;;;;;21;18;;;;;20.5;-3.46240234375
1;10100;VEV_5300;57;18;;;;;59;8;60;10;;;58.0;-204.021484375
1;10100;VEV_6500;0;16;;;;;1;16;;;;;0.5;0.0
1;10100;VEV_6000;0;18;;;;;1;18;;;;;0.5;0.0
1;10100;VELVETFRUIT_EXTRACT;5293;66;;;;;5299;66;;;;;5296.0;-306.1875
1;10100;HYDROGEL_PACK;9989;11;9987;22;;;10005;11;10008;22;;;9997.0;1082.125
1;10100;VEV_5200;118;36;;;;;121;12;122;24;;;119.5;-378.765625
1;10100;VEV_4000;1285;8;1283;17;;;1307;8;1310;17;;;1296.0;8.48046875
1;10100;VEV_5100;200;12;199;24;;;205;36;;;;;202.5;-103.380859375
1;10100;VEV_5000;294;12;293;24;;;301;36;;;;;297.5;-1.817138671875
1;10200;VELVETFRUIT_EXTRACT;5292;53;;;;;5294;9;5297;23;5298;30;5293.0;-90.75
1;10200;VEV_5200;117;26;;;;;120;8;121;18;;;118.5;-90.16015625
1;10200;VEV_6500;0;13;;;;;1;13;;;;;0.5;0.0
1;10200;VEV_4000;1284;7;1281;26;;;1306;7;1308;26;;;1295.0;40.728515625
1;10200;VEV_5100;198;26;;;;;203;8;204;18;;;200.5;29.73828125
1;10200;VEV_5000;293;8;292;18;;;299;8;300;18;;;296.0;12.087890625
1;10200;VEV_6000;0;20;;;;;1;20;;;;;0.5;0.0
1;10200;VEV_4500;786;8;784;18;;;803;8;805;18;;;794.5;34.7265625
1;10200;VEV_5500;6;20;;;;;7;20;;;;;6.5;6.78912353515625
1;10200;VEV_5400;19;20;;;;;21;20;;;;;20.0;50.808349609375
1;10200;HYDROGEL_PACK;9986;14;9984;29;;;10002;14;10005;29;;;9994.0;1388.125
1;10200;VEV_5300;56;20;;;;;59;20;;;;;57.5;-29.556640625
1;10300;VEV_6000;0;24;;;;;1;24;;;;;0.5;0.0
1;10300;VELVETFRUIT_EXTRACT;5292;67;;;;;5297;20;5298;47;;;5294.5;-97.6875
1;10300;HYDROGEL_PACK;9990;12;9988;25;;;10006;12;10009;25;;;9998.0;1014.0625
1;10300;VEV_5200;117;30;;;;;120;7;121;23;;;118.5;-97.94140625
1;10300;VEV_4000;1284;9;1281;15;;;1306;9;1308;15;;;1295.0;39.69140625
1;10300;VEV_5100;198;30;;;;;203;7;204;23;;;200.5;25.548828125
1;10300;VEV_5000;293;7;292;23;;;299;7;300;23;;;296.0;11.607666015625
1;10300;VEV_4500;786;7;784;23;;;803;7;805;23;;;794.5;33.689453125
1;10300;VEV_5500;6;24;;;;;7;24;;;;;6.5;6.646453857421875
1;10300;VEV_5400;19;24;;;;;21;24;;;;;20.0;47.411865234375
1;10300;VEV_5300;56;24;;;;;59;24;;;;;57.5;-28.97265625
1;10300;VEV_6500;0;16;;;;;1;16;;;;;0.5;0.0
1;10400;VEV_5300;55;21;;;;;58;21;;;;;56.5;273.8427734375
1;10400;VEV_5400;19;21;;;;;20;9;21;12;;;19.5;141.783203125
1;10400;VEV_6500;0;21;;;;;1;21;;;;;0.5;0.0
1;10400;VEV_4000;1282;10;1279;25;;;1304;10;1306;25;;;1293.0;93.451171875
1;10400;VEV_5500;6;21;;;;;7;21;;;;;6.5;19.095916748046875
1;10400;VEV_6000;0;21;;;;;1;21;;;;;0.5;0.0
1;10400;VEV_4500;784;6;782;17;;;801;6;803;17;;;792.5;87.451171875
1;10400;VEV_5000;290;23;;;;;297;6;298;17;;;293.5;34.76171875
1;10400;VEV_5100;196;23;;;;;201;6;202;17;;;198.5;247.052734375
1;10400;HYDROGEL_PACK;9992;11;9990;25;;;10008;11;10011;25;;;10000.0;837.6875
1;10400;VEV_5200;115;23;;;;;119;23;;;;;117.0;380.6640625
1;10400;VELVETFRUIT_EXTRACT;5293;12;5290;61;;;5295;21;5296;40;;;5294.0;261.4375
1;10500;VEV_4500;785;6;783;21;;;802;6;804;21;;;793.5;67.01953125
1;10500;VEV_5300;56;27;;;;;58;27;;;;;57.0;156.201171875
1;10500;VEV_5400;19;27;;;;;21;27;;;;;20.0;105.969482421875
1;10500;VEV_6500;0;16;;;;;1;16;;;;;0.5;0.0
1;10500;VEV_5500;6;27;;;;;7;27;;;;;6.5;13.97967529296875
1;10500;VEV_6000;0;27;;;;;1;27;;;;;0.5;0.0
1;10500;VEV_5000;291;27;;;;;298;6;299;21;;;294.5;25.96337890625
1;10500;VELVETFRUIT_EXTRACT;5293;5;5291;22;5290;34;5296;22;5297;34;;;5294.5;125.0
1;10500;VEV_5100;197;27;;;;;202;6;203;21;;;199.5;162.810546875
1;10500;HYDROGEL_PACK;9990;11;9988;27;;;10006;11;10009;27;;;9998.0;1000.0625
1;10500;VEV_5200;116;27;;;;;119;6;120;21;;;117.5;201.37890625
1;10500;VEV_4000;1283;11;1280;16;;;1304;11;1307;16;;;1293.5;73.01953125
1;10600;VELVETFRUIT_EXTRACT;5291;19;5290;41;;;5296;19;5297;41;;;5293.5;108.6875
1;10600;VEV_5300;56;29;;;;;58;29;;;;;57.0;132.904296875
1;10600;VEV_5400;19;29;;;;;21;29;;;;;20.0;106.825439453125
1;10600;VEV_6500;0;16;;;;;1;16;;;;;0.5;0.0
1;10600;VEV_4000;1283;14;1280;19;;;1304;14;1307;19;;;1293.5;70.578125
1;10600;VEV_5500;6;29;;;;;7;29;;;;;6.5;13.102874755859375
1;10600;VEV_6000;0;29;;;;;1;29;;;;;0.5;0.0
1;10600;VEV_4500;785;7;783;15;;;802;7;804;15;;;793.5;64.578125
1;10600;VEV_5000;291;22;;;;;298;7;299;15;;;294.5;24.877197265625
1;10600;VEV_5100;197;22;;;;;202;7;203;15;;;199.5;152.474609375
1;10600;HYDROGEL_PACK;9993;13;9990;23;;;10009;13;10011;23;;;10001.0;754.0
1;10600;VEV_5200;116;22;;;;;120;22;;;;;118.0;179.03125
1;10700;VEV_6000;0;24;;;;;1;24;;;;;0.5;0.0
1;10700;VEV_5000;290;26;;;;;297;12;298;14;;;293.5;35.0
1;10700;VELVETFRUIT_EXTRACT;5290;18;5289;33;;;5295;18;5296;33;;;5292.5;272.75
1;10700;VEV_5100;196;26;;;;;201;12;202;14;;;198.5;249.74609375
1;10700;VEV_5200;115;26;;;;;119;26;;;;;117.0;384.7890625
1;10700;HYDROGEL_PACK;9991;13;9988;21;;;10007;13;10009;21;;;9999.0;954.5625
1;10700;VEV_4000;1282;9;1279;22;;;1303;9;1306;22;;;1292.5;94.08203125
1;10700;VEV_4500;784;12;782;14;;;801;12;803;14;;;792.5;88.08203125
1;10700;VEV_5300;55;24;;;;;58;24;;;;;56.5;259.94921875
1;10700;VEV_5400;19;24;;;;;20;24;;;;;19.5;143.640380859375
1;10700;VEV_6500;0;14;;;;;1;14;;;;;0.5;0.0
1;10700;VEV_5500;6;24;;;;;7;24;;;;;6.5;17.6802978515625
1;10800;VEV_5300;56;27;;;;;58;27;;;;;57.0;166.494140625
1;10800;VEV_5400;19;27;;;;;21;27;;;;;20.0;114.1240234375
1;10800;VEV_6500;0;14;;;;;1;14;;;;;0.5;0.0
1;10800;VEV_4000;1282;9;1280;27;;;1304;9;1307;27;;;1293.0;76.60546875
1;10800;VEV_5500;6;27;;;;;7;27;;;;;6.5;14.352874755859375
1;10800;VEV_6000;0;27;;;;;1;27;;;;;0.5;0.0
1;10800;VEV_4500;785;12;783;24;;;802;12;804;24;;;793.5;70.60546875
1;10800;VEV_5000;291;12;290;24;;;298;12;299;24;;;294.5;27.487548828125
1;10800;VEV_5100;197;36;;;;;202;12;203;24;;;199.5;177.65625
1;10800;VEV_5200;116;36;;;;;119;12;120;24;;;117.5;221.5546875
1;10800;HYDROGEL_PACK;9988;10;9986;23;;;10004;10;10007;23;;;9996.0;1197.0
1;10800;VELVETFRUIT_EXTRACT;5291;21;5290;32;;;5296;53;;;;;5293.5;153.875
1;10900;VEV_5300;56;21;;;;;58;21;;;;;57.0;160.07421875
1;10900;VEV_5400;19;21;;;;;21;21;;;;;20.0;107.45166015625
1;10900;VEV_6500;0;15;;;;;1;15;;;;;0.5;0.0
1;10900;VEV_5500;6;21;;;;;7;21;;;;;6.5;13.5494384765625
1;10900;VEV_4500;785;9;783;15;;;802;9;804;15;;;793.5;70.26953125
1;10900;VEV_6000;0;21;;;;;1;21;;;;;0.5;0.0
1;10900;VEV_5000;291;9;290;15;;;298;9;299;15;;;294.5;27.316650390625
1;10900;VELVETFRUIT_EXTRACT;5291;15;5290;38;;;5296;53;;;;;5293.5;151.625
1;10900;VEV_4000;1283;10;1280;25;;;1304;10;1307;25;;;1293.5;76.26953125
1;10900;VEV_5100;197;24;;;;;202;9;203;15;;;199.5;175.818359375
1;10900;VEV_5200;116;24;;;;;119;9;120;15;;;117.5;215.1796875
1;10900;HYDROGEL_PACK;9985;13;9982;25;;;10001;13;10003;25;;;9993.0;1511.9375
1;11000;VELVETFRUIT_EXTRACT;5290;25;5289;46;;;5295;71;;;;;5292.5;342.8125
1;11000;VEV_6500;0;15;;;;;1;15;;;;;0.5;0.0
1;11000;VEV_5300;55;23;;;;;58;23;;;;;56.5;313.87890625
1;11000;VEV_5400;19;23;;;;;20;23;;;;;19.5;152.33642578125
1;11000;VEV_5500;6;23;;;;;7;23;;;;;6.5;21.034149169921875
1;11000;VEV_4500;784;12;782;24;;;801;12;803;24;;;792.5;98.3828125
1;11000;VEV_5000;290;12;289;24;;;297;12;298;24;;;293.5;39.4287109375
1;11000;VEV_6000;0;23;;;;;1;23;;;;;0.5;0.0
1;11000;VEV_4000;1281;9;1279;21;;;1303;9;1306;21;;;1292.0;104.380859375
1;11000;VEV_5100;196;36;;;;;201;12;202;24;;;198.5;291.017578125
1;11000;VEV_5200;115;36;;;;;119;36;;;;;117.0;463.125
1;11000;HYDROGEL_PACK;9987;13;9985;21;;;10003;13;10006;21;;;9995.0;1289.625
1;11100;VEV_5000;291;32;;;;;298;9;299;23;;;294.5;26.26171875
1;11100;VEV_6000;0;24;;;;;1;24;;;;;0.5;0.0
1;11100;VEV_4000;1283;10;1280;21;;;1304;10;1307;21;;;1293.5;73.796875
1;11100;VEV_5100;197;32;;;;;202;9;203;23;;;199.5;164.59765625
1;11100;VELVETFRUIT_EXTRACT;5291;18;5290;43;;;5296;18;5297;43;;;5293.5;134.8125
1;11100;VEV_5200;116;32;;;;;119;9;120;23;;;117.5;195.00390625
1;11100;HYDROGEL_PACK;9989;11;9986;26;;;10005;11;10007;26;;;9997.0;1156.6875
1;11100;VEV_6500;0;15;;;;;1;15;;;;;0.5;0.0
1;11100;VEV_5300;56;24;;;;;58;24;;;;;57.0;151.291015625
1;11100;VEV_5400;19;24;;;;;21;24;;;;;20.0;102.47021484375
1;11100;VEV_5500;6;24;;;;;7;24;;;;;6.5;13.9227294921875
1;11100;VEV_4500;785;9;783;23;;;802;9;804;23;;;793.5;67.794921875
1;11200;VEV_6500;0;20;;;;;1;20;;;;;0.5;0.0
1;11200;VEV_5300;56;15;;;;;58;5;59;10;;;57.0;104.66015625
1;11200;VEV_5400;19;15;;;;;21;15;;;;;20.0;90.136962890625
1;11200;VEV_5500;6;15;;;;;7;15;;;;;6.5;11.382568359375
1;11200;VEV_4500;785;7;783;14;;;802;7;804;14;;;793.5;60.064453125
1;11200;VEV_5000;292;7;291;14;;;298;7;299;14;;;295.0;22.940185546875
1;11200;VEV_6000;0;15;;;;;1;15;;;;;0.5;0.0
1;11200;VEV_4000;1283;15;1280;28;;;1305;15;1307;28;;;1294.0;66.06640625
1;11200;VEV_5100;197;21;;;;;202;7;203;14;;;199.5;133.361328125
1;11200;VEV_5200;116;21;;;;;120;21;;;;;118.0;130.60546875
1;11200;HYDROGEL_PACK;9991;11;9989;27;;;10007;11;10010;27;;;9999.0;899.5
1;11200;VELVETFRUIT_EXTRACT;5291;53;;;;;5296;19;5297;34;;;5293.5;82.25
1;11300;VEV_6500;0;14;;;;;1;14;;;;;0.5;0.0
1;11300;VEV_5300;56;19;;;;;58;19;;;;;57.0;151.01953125
1;11300;VEV_5400;19;19;;;;;21;19;;;;;20.0;107.170166015625
1;11300;VEV_5500;6;19;;;;;7;19;;;;;6.5;13.62896728515625
1;11300;VEV_4500;785;11;783;20;;;802;11;804;20;;;793.5;69.88671875
1;11300;VEV_5000;291;11;290;20;;;298;11;299;20;;;294.5;27.1328125
1;11300;VEV_6000;0;19;;;;;1;19;;;;;0.5;0.0
1;11300;VEV_4000;1283;11;1280;27;;;1304;11;1307;27;;;1293.5;75.88671875
1;11300;VEV_5100;197;31;;;;;202;11;203;20;;;199.5;172.6015625
1;11300;VELVETFRUIT_EXTRACT;5291;21;5290;45;;;5296;21;5297;45;;;5293.5;149.0
1;11300;VEV_5200;116;31;;;;;119;11;120;20;;;117.5;213.33984375
1;11300;HYDROGEL_PACK;9992;13;9989;26;;;10008;13;10010;26;;;10000.0;870.75
1;11400;VELVETFRUIT_EXTRACT;5292;55;;;;;5297;22;5298;33;;;5294.5;-106.9375
1;11400;VEV_6500;0;12;;;;;1;12;;;;;0.5;0.0
1;11400;VEV_5300;57;8;56;19;;;59;27;;;;;58.0;-52.220703125
1;11400;VEV_5400;20;8;19;19;;;21;27;;;;;20.5;41.337158203125
1;11400;VEV_5500;6;27;;;;;7;8;8;19;;;6.5;5.187408447265625
1;11400;VEV_4500;786;9;784;17;;;803;9;805;17;;;794.5;32.24609375
1;11400;VEV_5000;293;9;292;17;;;300;26;;;;;296.5;10.939453125
1;11400;VEV_6000;0;27;;;;;1;27;;;;;0.5;0.0
1;11400;VEV_4000;1284;10;1281;25;;;1306;10;1308;25;;;1295.0;38.24609375
1;11400;VEV_5100;198;26;;;;;204;26;;;;;201.0;17.888671875
1;11400;VEV_5200;117;26;;;;;121;26;;;;;119.0;-121.81640625
1;11400;HYDROGEL_PACK;9989;11;9987;28;;;10005;11;10008;28;;;9997.0;1109.25
1;11500;VEV_5000;291;28;;;;;298;12;299;16;;;294.5;26.167236328125
1;11500;VEV_6000;0;24;;;;;1;24;;;;;0.5;0.0
1;11500;VEV_4000;1283;11;1280;18;;;1304;11;1307;18;;;1293.5;73.6328125
1;11500;VEV_5200;116;28;;;;;119;12;120;16;;;117.5;196.6484375
1;11500;VELVETFRUIT_EXTRACT;5291;23;5290;32;;;5296;23;5297;32;;;5293.5;133.75
1;11500;VEV_5100;197;28;;;;;202;12;203;16;;;199.5;163.48046875
1;11500;HYDROGEL_PACK;9991;13;9988;27;;;10007;13;10009;27;;;9999.0;956.375
1;11500;VEV_5400;19;24;;;;;21;24;;;;;20.0;100.55517578125
1;11500;VEV_6500;0;14;;;;;1;14;;;;;0.5;0.0
1;11500;VEV_5300;56;24;;;;;58;24;;;;;57.0;151.4375
1;11500;VEV_4500;785;12;783;16;;;802;12;804;16;;;793.5;67.6328125
1;11500;VEV_5500;6;24;;;;;7;24;;;;;6.5;13.780914306640625
1;11600;VEV_5400;19;20;;;;;21;20;;;;;20.0;93.389404296875
1;11600;VEV_6500;0;14;;;;;1;14;;;;;0.5;0.0
1;11600;VEV_5300;56;20;;;;;58;20;;;;;57.0;130.103515625
1;11600;VEV_4500;785;12;783;22;;;802;12;804;22;;;793.5;63.99609375
1;11600;VEV_5500;6;20;;;;;7;20;;;;;6.5;13.231903076171875
1;11600;VEV_5000;291;34;;;;;298;12;299;22;;;294.5;24.616455078125
1;11600;VEV_6000;0;20;;;;;1;20;;;;;0.5;0.0
1;11600;VEV_4000;1283;9;1280;29;;;1304;9;1307;29;;;1293.5;69.998046875
1;11600;VEV_5200;116;34;;;;;120;34;;;;;118.0;164.16015625
1;11600;VEV_5100;197;34;;;;;202;12;203;22;;;199.5;148.94921875
1;11600;HYDROGEL_PACK;9991;10;9989;27;;;10007;10;10010;27;;;9999.0;890.6875
1;11600;VELVETFRUIT_EXTRACT;5293;8;5291;20;5290;41;5296;20;5297;41;;;5294.5;109.0
1;11700;VEV_5400;19;20;;;;;21;20;;;;;20.0;115.9150390625
1;11700;VEV_6500;0;17;;;;;1;17;;;;;0.5;0.0
1;11700;VEV_5300;56;6;55;14;;;58;20;;;;;57.0;210.03515625
1;11700;VEV_4500;785;12;783;17;;;801;12;803;17;;;793.0;78.8125
1;11700;VEV_5500;6;20;;;;;7;20;;;;;6.5;16.433837890625
1;11700;VEV_5000;291;12;290;17;;;298;29;;;;;294.5;30.923095703125
1;11700;VEV_6000;0;20;;;;;1;20;;;;;0.5;0.0
1;11700;VEV_4000;1282;7;1280;18;;;1304;7;1306;18;;;1293.0;84.810546875
1;11700;VEV_5200;116;12;115;17;;;119;29;;;;;117.5;290.34375
1;11700;VELVETFRUIT_EXTRACT;5290;57;;;;;5296;57;;;;;5293.0;209.75
1;11700;VEV_5100;197;12;196;17;;;202;29;;;;;199.5;211.013671875
1;11700;HYDROGEL_PACK;9991;14;9988;21;;;10007;14;10009;21;;;9999.0;970.625
1;11800;HYDROGEL_PACK;9992;12;9990;22;;;10008;12;10011;22;;;10000.0;800.0625
1;11800;VELVETFRUIT_EXTRACT;5291;21;5290;43;;;5296;21;5297;43;;;5293.5;106.6875
1;11800;VEV_5400;19;16;;;;;21;16;;;;;20.0;92.8994140625
1;11800;VEV_6500;0;17;;;;;1;17;;;;;0.5;0.0
1;11800;VEV_5300;56;16;;;;;58;6;59;10;;;57.0;114.587890625
1;11800;VEV_4500;785;8;783;17;;;802;8;804;17;;;793.5;63.654296875
1;11800;VEV_5500;6;16;;;;;7;16;;;;;6.5;13.42083740234375
1;11800;VEV_5000;291;25;;;;;298;8;299;17;;;294.5;24.41015625
1;11800;VEV_6000;0;16;;;;;1;16;;;;;0.5;0.0
1;11800;VEV_4000;1283;13;1280;23;;;1304;13;1307;23;;;1293.5;69.65234375
1;11800;VEV_5200;116;25;;;;;120;25;;;;;118.0;155.77734375
1;11800;VEV_5100;197;25;;;;;202;8;203;17;;;199.5;148.59375
1;11900;VEV_5000;291;8;290;15;;;298;8;299;15;;;294.5;30.048828125
1;11900;VEV_6000;0;28;;;;;1;28;;;;;0.5;0.0
1;11900;VEV_4000;1282;7;1280;21;;;1304;7;1307;21;;;1293.0;82.65234375
1;11900;VEV_5200;116;23;;;;;119;8;120;15;;;117.5;267.921875
1;11900;VELVETFRUIT_EXTRACT;5290;68;;;;;5296;68;;;;;5293.0;195.0625
1;11900;VEV_5100;197;8;196;15;;;202;23;;;;;199.5;201.447265625
1;11900;VEV_5400;19;28;;;;;21;28;;;;;20.0;114.615966796875
1;11900;VEV_6500;0;18;;;;;1;18;;;;;0.5;0.0
1;11900;HYDROGEL_PACK;9993;15;9991;28;;;10009;15;10012;28;;;10001.0;733.5
1;11900;VEV_5300;56;28;;;;;58;28;;;;;57.0;196.513671875
1;11900;VEV_4500;785;8;783;15;;;802;8;804;15;;;793.5;76.654296875
1;11900;VEV_5500;6;28;;;;;7;28;;;;;6.5;16.7900390625
1;12000;VEV_5400;20;8;19;11;;;21;19;;;;;20.5;45.225341796875
1;12000;VEV_6500;0;14;;;;;1;14;;;;;0.5;0.0
1;12000;VEV_5300;57;8;56;11;;;59;19;;;;;58.0;-64.865234375
1;12000;VEV_4500;786;8;784;18;;;803;8;805;18;;;794.5;31.728515625
1;12000;VEV_5500;6;19;;;;;7;8;8;11;;;6.5;5.8643798828125
1;12000;VEV_5000;293;8;292;18;;;300;26;;;;;296.5;10.769287109375
1;12000;VEV_6000;0;19;;;;;1;19;;;;;0.5;0.0
1;12000;VEV_4000;1284;9;1281;15;;;1306;9;1308;15;;;1295.0;37.728515625
1;12000;VEV_5200;117;26;;;;;121;26;;;;;119.0;-133.25390625
1;12000;VEV_5100;199;8;198;18;;;204;26;;;;;201.5;15.857421875
1;12000;HYDROGEL_PACK;9995;13;9993;25;;;10011;13;10014;25;;;10003.0;530.375
1;12000;VELVETFRUIT_EXTRACT;5292;55;;;;;5298;55;;;;;5295.0;-110.375
1;12100;VEV_5400;19;19;;;;;21;19;;;;;20.0;81.1806640625
1;12100;HYDROGEL_PACK;10005;10;9997;11;9995;27;10013;11;10016;27;;;10009.0;361.9375
1;12100;VEV_5300;56;19;;;;;59;19;;;;;57.5;52.935546875
1;12100;VEV_4500;786;8;784;23;;;803;8;804;23;;;794.5;52.17578125
1;12100;VEV_6500;0;16;;;;;1;16;;;;;0.5;0.0
1;12100;VEV_5500;6;19;;;;;7;19;;;;;6.5;10.831268310546875
1;12100;VEV_5000;292;8;291;23;;;299;8;300;23;;;295.5;19.541748046875
1;12100;VEV_6000;0;19;;;;;1;19;;;;;0.5;0.0
1;12100;VEV_5200;117;8;116;23;;;120;31;;;;;118.5;45.8828125
1;12100;VEV_4000;1283;14;1281;23;;;1305;14;1308;23;;;1294.0;58.17578125
1;12100;VEV_5100;198;8;197;23;;;203;31;;;;;200.5;99.728515625
1;12100;VELVETFRUIT_EXTRACT;5291;55;;;;;5297;55;;;;;5294.0;28.5625
1;12200;HYDROGEL_PACK;9998;14;9995;21;;;10014;14;10016;21;;;10006.0;284.5
1;12200;VELVETFRUIT_EXTRACT;5290;15;5289;38;;;5295;15;5296;38;;;5292.5;271.25
1;12200;VEV_5400;19;26;;;;;20;8;21;18;;;19.5;137.360595703125
1;12200;VEV_5300;56;8;55;18;;;58;26;;;;;57.0;246.1728515625
1;12200;VEV_4500;784;7;782;16;;;801;7;803;16;;;792.5;87.861328125
1;12200;VEV_6500;0;14;;;;;1;14;;;;;0.5;0.0
1;12200;VEV_5500;6;26;;;;;7;26;;;;;6.5;18.316650390625
1;12200;VEV_5000;290;23;;;;;297;7;298;16;;;293.5;34.91845703125
1;12200;VEV_5200;116;7;115;16;;;119;23;;;;;117.5;357.90625
1;12200;VEV_6000;0;26;;;;;1;26;;;;;0.5;0.0
1;12200;VEV_4000;1282;9;1279;20;;;1303;9;1306;20;;;1292.5;93.86328125
1;12200;VEV_5100;196;23;;;;;201;7;202;16;;;198.5;247.31640625
1;12300;VEV_5000;290;8;289;16;;;297;24;;;;;293.5;41.951171875
1;12300;VEV_5200;115;24;;;;;118;8;119;16;;;116.5;499.12109375
1;12300;VEV_6000;0;20;;;;;1;20;;;;;0.5;0.0
1;12300;VEV_4000;1281;13;1279;17;;;1303;13;1305;17;;;1292.0;110.216796875
1;12300;VEV_5100;196;8;195;16;;;201;24;;;;;198.5;315.5625
1;12300;VELVETFRUIT_EXTRACT;5291;8;5289;54;;;5295;54;;;;;5293.0;382.5
1;12300;VEV_5400;19;20;;;;;20;20;;;;;19.5;161.70849609375
1;12300;HYDROGEL_PACK;10001;14;9999;23;;;10017;14;10020;23;;;10009.0;-10.625
1;12300;VEV_5300;55;20;;;;;58;20;;;;;56.5;327.5986328125
1;12300;VEV_4500;784;8;782;16;;;800;8;802;16;;;792.0;104.21875
1;12300;VEV_6500;0;17;;;;;1;17;;;;;0.5;0.0
1;12300;VEV_5500;6;20;;;;;7;20;;;;;6.5;22.58489990234375
1;12400;VEV_5400;19;17;;;;;20;17;;;;;19.5;170.650146484375
1;12400;VEV_5300;55;17;;;;;58;17;;;;;56.5;360.34375
1;12400;VEV_4500;783;6;781;12;;;800;6;802;12;;;791.5;109.392578125
1;12400;VEV_6500;0;17;;;;;1;17;;;;;0.5;0.0
1;12400;VEV_5500;6;17;;;;;7;17;;;;;6.5;23.755035400390625
1;12400;VEV_5000;290;6;289;12;;;297;18;;;;;293.5;44.204345703125
1;12400;VEV_5200;115;18;;;;;118;6;119;12;;;116.5;537.86328125
1;12400;VEV_6000;0;17;;;;;1;17;;;;;0.5;0.0
1;12400;VEV_4000;1281;12;1278;21;;;1303;12;1305;21;;;1292.0;115.392578125
1;12400;VEV_5100;196;6;195;12;;;201;18;;;;;198.5;338.400390625
1;12400;HYDROGEL_PACK;10001;10;9999;28;;;10017;10;10020;28;;;10009.0;-11.0625
1;12400;VELVETFRUIT_EXTRACT;5289;59;;;;;5294;25;5295;34;;;5291.5;417.6875
1;12500;VEV_5400;18;20;;;;;20;20;;;;;19.0;226.099609375
1;12500;HYDROGEL_PACK;10001;11;9998;26;;;10017;11;10019;26;;;10009.0;9.5
1;12500;VEV_5300;54;20;;;;;57;20;;;;;55.5;573.0078125
1;12500;VEV_4500;782;11;780;20;;;799;11;801;20;;;790.5;146.12890625
1;12500;VEV_6500;0;17;;;;;1;17;;;;;0.5;0.0
1;12500;VEV_5500;6;20;;;;;7;20;;;;;6.5;32.12872314453125
1;12500;VEV_5000;288;11;287;20;;;295;11;296;20;;;291.5;59.96728515625
1;12500;VEV_5200;114;31;;;;;117;31;;;;;115.5;862.4296875
1;12500;VEV_6000;0;20;;;;;1;20;;;;;0.5;0.0
1;12500;VEV_4000;1279;14;1277;21;;;1301;14;1304;21;;;1290.0;152.12890625
1;12500;VEV_5100;194;31;;;;;199;11;200;20;;;196.5;489.5234375
1;12500;VELVETFRUIT_EXTRACT;5288;25;5287;46;;;5293;71;;;;;5290.5;667.4375
1;12600;HYDROGEL_PACK;10000;10;9997;24;;;10016;10;10018;24;;;10008.0;104.3125
1;12600;VELVETFRUIT_EXTRACT;5286;60;;;;;5292;60;;;;;5289.0;875.0625
1;12600;VEV_5500;6;25;;;;;7;25;;;;;6.5;39.55267333984375
1;12600;VEV_5300;54;25;;;;;56;25;;;;;55.0;743.6005859375
1;12600;VEV_4500;781;6;779;17;;;797;6;799;17;;;789.0;176.658203125
1;12600;VEV_5400;18;25;;;;;20;25;;;;;19.0;275.288818359375
1;12600;VEV_6500;0;17;;;;;1;17;;;;;0.5;0.0
1;12600;VEV_5100;193;23;;;;;198;6;199;17;;;195.5;614.328125
1;12600;VEV_5000;287;6;286;17;;;294;6;295;17;;;290.5;73.11669921875
1;12600;VEV_5200;113;23;;;;;116;6;117;17;;;114.5;1134.68359375
1;12600;VEV_6000;0;25;;;;;1;25;;;;;0.5;0.0
1;12600;VEV_4000;1278;8;1276;15;;;1300;8;1302;15;;;1289.0;182.65625
1;12700;VEV_5100;194;6;193;23;;;199;29;;;;;196.5;557.890625
1;12700;VEV_5200;113;29;;;;;117;29;;;;;115.0;1005.0078125
1;12700;VEV_6000;0;17;;;;;1;17;;;;;0.5;0.0
1;12700;VEV_4000;1279;15;1276;20;;;1300;15;1303;20;;;1289.5;168.654296875
1;12700;VEV_5000;288;6;287;23;;;294;6;295;23;;;291.0;67.099365234375
1;12700;VELVETFRUIT_EXTRACT;5287;58;;;;;5292;16;5293;42;;;5289.5;779.875
1;12700;HYDROGEL_PACK;9999;14;9996;20;;;10015;14;10017;20;;;10007.0;212.8125
1;12700;VEV_5500;6;17;;;;;7;17;;;;;6.5;36.52276611328125
1;12700;VEV_5300;54;17;;;;;56;7;57;10;;;55.0;663.876953125
1;12700;VEV_4500;781;6;779;23;;;798;6;800;23;;;789.5;162.65234375
1;12700;VEV_5400;18;17;;;;;20;17;;;;;19.0;253.235107421875
1;12700;VEV_6500;0;10;;;;;1;10;;;;;0.5;0.0
1;12800;VEV_5500;6;24;;;;;7;24;;;;;6.5;43.000152587890625
1;12800;VEV_5300;54;8;53;16;;;56;24;;;;;55.0;808.8720703125
1;12800;VEV_4500;780;12;778;17;;;797;12;799;17;;;788.5;190.8984375
1;12800;VEV_5400;18;24;;;;;20;24;;;;;19.0;298.2080078125
1;12800;VEV_6500;0;13;;;;;1;13;;;;;0.5;0.0
1;12800;VEV_5100;193;12;192;17;;;198;29;;;;;195.5;675.46875
1;12800;VEV_5200;113;12;112;17;;;116;29;;;;;114.5;1253.33984375
1;12800;VEV_6000;0;24;;;;;1;24;;;;;0.5;0.0
1;12800;VEV_4000;1278;8;1275;27;;;1299;8;1302;27;;;1288.5;196.8984375
1;12800;VEV_5000;286;29;;;;;293;12;294;17;;;289.5;79.268310546875
1;12800;HYDROGEL_PACK;9997;13;9994;22;;;10013;13;10015;22;;;10005.0;388.25
1;12800;VELVETFRUIT_EXTRACT;5286;16;5285;48;;;5291;16;5292;48;;;5288.5;971.9375
1;12900;HYDROGEL_PACK;9998;13;9996;27;;;10014;13;10017;27;;;10006.0;236.875
1;12900;VEV_5500;6;24;;;;;7;24;;;;;6.5;32.689239501953125
1;12900;VEV_5300;54;24;;;;;57;24;;;;;55.5;548.5302734375
1;12900;VEV_4500;782;9;780;19;;;799;9;801;19;;;790.5;142.197265625
1;12900;VEV_5400;19;6;18;18;;;20;24;;;;;19.5;219.363525390625
1;12900;VEV_6500;0;14;;;;;1;14;;;;;0.5;0.0
1;12900;VEV_5100;194;28;;;;;199;9;200;19;;;196.5;476.947265625
1;12900;VEV_5200;114;28;;;;;117;9;118;19;;;115.5;823.64453125
1;12900;VEV_6000;0;24;;;;;1;24;;;;;0.5;0.0
1;12900;VEV_4000;1280;11;1277;16;;;1301;11;1304;16;;;1290.5;148.1953125
1;12900;VEV_5000;288;28;;;;;295;9;296;19;;;291.5;58.326416015625
1;12900;VELVETFRUIT_EXTRACT;5288;17;5287;49;;;5290;8;5293;17;5294;49;5289.0;640.75
1;13000;HYDROGEL_PACK;10002;15;10000;26;;;10018;15;10021;26;;;10010.0;-144.0
1;13000;VELVETFRUIT_EXTRACT;5287;55;;;;;5292;15;5293;40;;;5289.5;770.5625
1;13000;VEV_5500;6;19;;;;;7;19;;;;;6.5;37.063201904296875
1;13000;VEV_5300;54;19;;;;;56;9;57;10;;;55.0;645.876953125
1;13000;VEV_4500;781;10;779;18;;;798;10;800;18;;;789.5;161.28125
1;13000;VEV_5400;18;19;;;;;20;19;;;;;19.0;253.93505859375
1;13000;VEV_6500;0;13;;;;;1;13;;;;;0.5;0.0
1;13000;VEV_5100;194;10;193;18;;;199;28;;;;;196.5;555.140625
1;13000;VEV_5200;113;28;;;;;117;28;;;;;115.0;993.12890625
1;13000;VEV_6000;0;19;;;;;1;19;;;;;0.5;0.0
1;13000;VEV_4000;1279;11;1276;29;;;1301;11;1303;29;;;1290.0;167.28125
1;13000;VEV_5000;288;10;287;18;;;294;10;295;18;;;291.0;66.5390625
1;13100;VEV_5100;194;6;193;20;;;199;26;;;;;196.5;564.7265625
1;13100;VEV_5200;113;26;;;;;117;26;;;;;115.0;1008.4453125
1;13100;VEV_6000;0;26;;;;;1;26;;;;;0.5;0.0
1;13100;VEV_4000;1279;10;1276;29;;;1300;10;1303;29;;;1289.5;169.49609375
1;13100;VEV_5000;288;6;287;20;;;294;6;295;20;;;291.0;67.48486328125
1;13100;VELVETFRUIT_EXTRACT;5287;17;5286;31;;;5292;17;5293;31;;;5289.5;785.5625
1;13100;VEV_5500;6;26;;;;;7;26;;;;;6.5;37.9976806640625
1;13100;HYDROGEL_PACK;10005;12;10002;25;;;10021;12;10023;25;;;10013.0;-348.625
1;13100;VEV_4500;781;6;779;20;;;798;6;800;20;;;789.5;163.49609375
1;13100;VEV_5300;54;26;;;;;56;9;57;17;;;55.0;642.646484375
1;13100;VEV_5400;18;26;;;;;20;26;;;;;19.0;257.44873046875
1;13100;VEV_6500;0;13;;;;;1;13;;;;;0.5;0.0
1;13200;VEV_5500;6;20;;;;;7;20;;;;;6.5;39.199920654296875
1;13200;VEV_4500;781;8;779;18;;;798;8;800;18;;;789.5;167.87109375
1;13200;VEV_6500;0;18;;;;;1;18;;;;;0.5;0.0
1;13200;VEV_5300;54;20;;;;;56;5;57;15;;;55.0;659.201171875
1;13200;VEV_5400;18;20;;;;;20;20;;;;;19.0;265.822265625
1;13200;VEV_4000;1279;10;1276;22;;;1300;10;1303;22;;;1289.5;173.87109375
1;13200;VEV_5100;194;8;193;18;;;198;8;199;18;;;196.0;581.86328125
1;13200;VEV_5200;113;26;;;;;117;26;;;;;115.0;1047.265625
1;13200;VEV_6000;0;20;;;;;1;20;;;;;0.5;0.0
1;13200;VEV_5000;287;26;;;;;294;8;295;18;;;290.5;69.402587890625
1;13200;VELVETFRUIT_EXTRACT;5287;22;5286;46;;;5292;22;5293;46;;;5289.5;815.3125
1;13200;HYDROGEL_PACK;10014;5;10007;14;10004;30;10023;14;10025;30;;;10018.5;-533.0
1;13300;VEV_5500;6;23;;;;;7;23;;;;;6.5;37.44525146484375
1;13300;HYDROGEL_PACK;10007;11;10005;27;;;10023;11;10026;27;;;10015.0;-580.3125
1;13300;VEV_4500;781;6;779;23;;;798;6;800;23;;;789.5;160.361328125
1;13300;VEV_6500;0;20;;;;;1;20;;;;;0.5;0.0
1;13300;VEV_5300;54;23;;;;;57;23;;;;;55.5;623.7861328125
1;13300;VEV_5400;18;23;;;;;20;23;;;;;19.0;249.630859375
1;13300;VEV_4000;1279;8;1276;18;;;1301;8;1303;18;;;1290.0;166.359375
1;13300;VEV_5100;194;6;193;23;;;199;29;;;;;196.5;550.595703125
1;13300;VEV_5200;114;6;113;23;;;117;29;;;;;115.5;980.17578125
1;13300;VEV_5000;288;6;287;23;;;294;6;295;23;;;291.0;66.164794921875
1;13300;VEV_6000;0;23;;;;;1;23;;;;;0.5;0.0
1;13300;VELVETFRUIT_EXTRACT;5287;53;;;;;5292;20;5293;33;;;5289.5;764.25
1;13400;VELVETFRUIT_EXTRACT;5287;25;5286;47;;;5292;25;5293;47;;;5289.5;817.8125
1;13400;HYDROGEL_PACK;10007;13;10004;22;;;10023;13;10025;22;;;10015.0;-542.5
1;13400;VEV_5500;6;18;;;;;7;18;;;;;6.5;38.9185791015625
1;13400;VEV_4500;781;12;779;20;;;798;12;800;20;;;789.5;168.236328125
1;13400;VEV_6500;0;11;;;;;1;11;;;;;0.5;0.0
1;13400;VEV_5300;54;18;;;;;56;8;57;10;;;55.0;667.005859375
1;13400;VEV_5400;18;18;;;;;20;18;;;;;19.0;257.33447265625
1;13400;VEV_4000;1279;14;1276;18;;;1300;14;1303;18;;;1289.5;174.236328125
1;13400;VEV_5100;194;12;193;20;;;198;12;199;20;;;196.0;583.478515625
1;13400;VEV_5200;113;32;;;;;117;32;;;;;115.0;1048.625
1;13400;VEV_5000;287;32;;;;;294;12;295;20;;;290.5;69.56396484375
1;13400;VEV_6000;0;18;;;;;1;18;;;;;0.5;0.0
1;13500;VEV_4000;1279;14;1277;30;;;1301;14;1304;30;;;1290.0;155.0625
1;13500;VEV_5100;194;29;;;;;199;12;200;17;;;196.5;504.677734375
1;13500;VEV_5200;114;29;;;;;117;29;;;;;115.5;876.140625
1;13500;VEV_5000;288;12;287;17;;;295;12;296;17;;;291.5;61.353271484375
1;13500;VEV_6000;0;17;;;;;1;17;;;;;0.5;0.0
1;13500;VELVETFRUIT_EXTRACT;5288;19;5287;48;;;5293;67;;;;;5290.5;687.4375
1;13500;VEV_5500;6;17;;;;;7;17;;;;;6.5;35.31732177734375
1;13500;HYDROGEL_PACK;10010;15;10008;26;;;10026;15;10029;26;;;10018.0;-867.125
1;13500;VEV_4500;782;12;780;17;;;799;12;801;17;;;790.5;149.064453125
1;13500;VEV_6500;0;11;;;;;1;11;;;;;0.5;0.0
1;13500;VEV_5300;54;17;;;;;57;17;;;;;55.5;554.275390625
1;13500;VEV_5400;18;17;;;;;20;17;;;;;19.0;228.770751953125
1;13600;VEV_5500;6;24;;;;;7;24;;;;;6.5;36.014129638671875
1;13600;VEV_4500;782;6;780;21;;;799;6;801;21;;;790.5;148.408203125
1;13600;VEV_6500;0;12;;;;;1;12;;;;;0.5;0.0
1;13600;VEV_5300;54;24;;;;;57;24;;;;;55.5;547.8642578125
